Row ID,Row Name,disableParam_NT,disableParamReserve1,disableParamReserve2,eventFlagId,distViewEventFlagId,iconId,bgmPlaceType,isAreaIcon,isOverrideDistViewMarkPos,isEnableNoText,pad3,areaNo_forDistViewMark,gridXNo_forDistViewMark,gridZNo_forDistViewMark,clearedEventFlagId,dispMask00,dispMask01,pad2_0,pad2,distViewIconId,angle,areaNo,gridXNo,gridZNo,pad,posX,posY,posZ,textId1,textEnableFlagId1,textDisableFlagId1,textId2,textEnableFlagId2,textDisableFlagId2,textId3,textEnableFlagId3,textDisableFlagId3,textId4,textEnableFlagId4,textDisableFlagId4,textId5,textEnableFlagId5,textDisableFlagId5,textId6,textEnableFlagId6,textDisableFlagId6,textId7,textEnableFlagId7,textDisableFlagId7,textId8,textEnableFlagId8,textDisableFlagId8,textType1,textType2,textType3,textType4,textType5,textType6,textType7,textType8,distViewId,posX_forDistViewMark,posY_forDistViewMark,posZ_forDistViewMark,distViewId1,distViewId2,distViewId3,dispMinZoomStep,selectMinZoomStep,entryFEType,pad4,unkC0,unkC4,unkC8,unkCC,unkD0,unkD4,unkD8,unkDC,unkE0,unkE4,unkE8,unkEC,unkF0,unkF4,unkF8,unkFC
1,,1,0,[0|0|0],0,0,150,999,0,0,0,0,0,0,0,0,1,0,0,[0],0,0,0,0,0,[0],0,0,0,-1,0,0,-1,0,0,-1,0,0,-1,0,0,-1,0,0,-1,0,0,-1,0,0,-1,0,0,0,0,0,0,0,0,0,0,-1,0,0,0,-1,-1,-1,0,1,0,[0|0|0|0|0|0|0|0|0],0,0,0,0,0,0,0,0,0,0,0,0,0,0,0,0,
2,,1,0,[0|0|0],0,0,150,999,0,0,0,0,0,0,0,0,1,0,0,[0],0,0,10,0,0,[0],-232.76,74.11,345.13,100000,10000800,71000,-1,0,0,-1,0,0,-1,0,0,-1,0,0,-1,0,0,-1,0,0,-1,0,0,0,0,0,0,0,0,0,0,-1,0,0,0,-1,-1,-1,0,1,0,[0|0|0|0|0|0|0|0|0],0,0,0,0,0,0,0,0,0,0,0,0,0,0,0,0,
3,,1,0,[0|0|0],0,0,150,999,0,0,0,0,0,0,0,0,1,0,0,[0],0,0,10,0,0,[0],-28.55,-1.76,-18.58,100001,10000850,71001,-1,0,0,-1,0,0,-1,0,0,-1,0,0,-1,0,0,-1,0,0,-1,0,0,0,0,0,0,0,0,0,0,-1,0,0,0,-1,-1,-1,0,1,0,[0|0|0|0|0|0|0|0|0],0,0,0,0,0,0,0,0,0,0,0,0,0,0,0,0,
4,,1,0,[0|0|0],0,0,150,999,0,0,0,0,0,0,0,0,1,0,0,[0],0,0,10,0,0,[0],36.35,-11.28,5.36,100002,0,71002,-1,0,0,-1,0,0,-1,0,0,-1,0,0,-1,0,0,-1,0,0,-1,0,0,0,0,0,0,0,0,0,0,-1,0,0,0,-1,-1,-1,0,1,0,[0|0|0|0|0|0|0|0|0],0,0,0,0,0,0,0,0,0,0,0,0,0,0,0,0,
5,,1,0,[0|0|0],0,0,150,999,0,0,0,0,0,0,0,0,1,0,0,[0],0,0,10,0,0,[0],-122.51,30.2,11.88,100003,0,71003,-1,0,0,-1,0,0,-1,0,0,-1,0,0,-1,0,0,-1,0,0,-1,0,0,0,0,0,0,0,0,0,0,-1,0,0,0,-1,-1,-1,0,1,0,[0|0|0|0|0|0|0|0|0],0,0,0,0,0,0,0,0,0,0,0,0,0,0,0,0,
6,,1,0,[0|0|0],0,0,150,999,0,0,0,0,0,0,0,0,1,0,0,[0],0,0,10,0,0,[0],-200.67,30.44,-16.52,100004,0,71004,-1,0,0,-1,0,0,-1,0,0,-1,0,0,-1,0,0,-1,0,0,-1,0,0,0,0,0,0,0,0,0,0,-1,0,0,0,-1,-1,-1,0,1,0,[0|0|0|0|0|0|0|0|0],0,0,0,0,0,0,0,0,0,0,0,0,0,0,0,0,
7,,1,0,[0|0|0],0,0,150,999,0,0,0,0,0,0,0,0,1,0,0,[0],0,0,10,0,0,[0],-262.26,98.45,112.96,100005,0,71005,-1,0,0,-1,0,0,-1,0,0,-1,0,0,-1,0,0,-1,0,0,-1,0,0,0,0,0,0,0,0,0,0,-1,0,0,0,-1,-1,-1,0,1,0,[0|0|0|0|0|0|0|0|0],0,0,0,0,0,0,0,0,0,0,0,0,0,0,0,0,
8,,1,0,[0|0|0],0,0,150,999,0,0,0,0,0,0,0,0,1,0,0,[0],0,0,10,0,0,[0],-273.12,71.56,241.41,100006,0,71006,-1,0,0,-1,0,0,-1,0,0,-1,0,0,-1,0,0,-1,0,0,-1,0,0,0,0,0,0,0,0,0,0,-1,0,0,0,-1,-1,-1,0,1,0,[0|0|0|0|0|0|0|0|0],0,0,0,0,0,0,0,0,0,0,0,0,0,0,0,0,
9,,1,0,[0|0|0],0,0,150,999,0,0,0,0,0,0,0,0,1,0,0,[0],0,0,10,0,0,[0],-189.96,81.87,313.47,100007,0,71007,-1,0,0,-1,0,0,-1,0,0,-1,0,0,-1,0,0,-1,0,0,-1,0,0,0,0,0,0,0,0,0,0,-1,0,0,0,-1,-1,-1,0,1,0,[0|0|0|0|0|0|0|0|0],0,0,0,0,0,0,0,0,0,0,0,0,0,0,0,0,
10,,1,0,[0|0|0],0,0,150,999,0,0,0,0,0,0,0,0,1,0,0,[0],0,0,10,0,0,[0],-96.08,21.41,20.28,100008,0,71008,-1,0,0,-1,0,0,-1,0,0,-1,0,0,-1,0,0,-1,0,0,-1,0,0,0,0,0,0,0,0,0,0,-1,0,0,0,-1,-1,-1,0,1,0,[0|0|0|0|0|0|0|0|0],0,0,0,0,0,0,0,0,0,0,0,0,0,0,0,0,
11,,1,0,[0|0|0],0,0,150,999,0,0,0,0,0,0,0,0,1,0,0,[0],0,0,11,0,0,[0],37.25,65.11,-416.03,110000,11000800,118,-1,0,0,-1,0,0,-1,0,0,-1,0,0,-1,0,0,-1,0,0,-1,0,0,0,0,0,0,0,0,0,0,-1,0,0,0,-1,-1,-1,0,1,0,[0|0|0|0|0|0|0|0|0],0,0,0,0,0,0,0,0,0,0,0,0,0,0,0,0,
12,,1,0,[0|0|0],0,0,150,999,0,0,0,0,0,0,0,0,1,0,0,[0],0,0,11,0,0,[0],-132,31.01,-386.5,110001,11000850,118,-1,0,0,-1,0,0,-1,0,0,-1,0,0,-1,0,0,-1,0,0,-1,0,0,0,0,0,0,0,0,0,0,-1,0,0,0,-1,-1,-1,0,1,0,[0|0|0|0|0|0|0|0|0],0,0,0,0,0,0,0,0,0,0,0,0,0,0,0,0,
13,,1,0,[0|0|0],0,0,150,999,0,0,0,0,0,0,0,0,1,0,0,[0],0,0,11,0,0,[0],-33.04,7.93,-80.52,110002,0,118,-1,0,0,-1,0,0,-1,0,0,-1,0,0,-1,0,0,-1,0,0,-1,0,0,0,0,0,0,0,0,0,0,-1,0,0,0,-1,-1,-1,0,1,0,[0|0|0|0|0|0|0|0|0],0,0,0,0,0,0,0,0,0,0,0,0,0,0,0,0,
14,,1,0,[0|0|0],0,0,150,999,0,0,0,0,0,0,0,0,1,0,0,[0],0,0,11,0,0,[0],-215.8,-64.72,-223.22,110003,0,118,-1,0,0,-1,0,0,-1,0,0,-1,0,0,-1,0,0,-1,0,0,-1,0,0,0,0,0,0,0,0,0,0,-1,0,0,0,-1,-1,-1,0,1,0,[0|0|0|0|0|0|0|0|0],0,0,0,0,0,0,0,0,0,0,0,0,0,0,0,0,
15,,1,0,[0|0|0],0,0,150,999,0,0,0,0,0,0,0,0,1,0,0,[0],0,0,11,0,0,[0],-180.35,-49.9,-185.54,110004,0,118,-1,0,0,-1,0,0,-1,0,0,-1,0,0,-1,0,0,-1,0,0,-1,0,0,0,0,0,0,0,0,0,0,-1,0,0,0,-1,-1,-1,0,1,0,[0|0|0|0|0|0|0|0|0],0,0,0,0,0,0,0,0,0,0,0,0,0,0,0,0,
16,,1,0,[0|0|0],0,0,150,999,0,0,0,0,0,0,0,0,1,0,0,[0],0,0,11,0,0,[0],-217.61,-12,-260.53,110005,0,118,-1,0,0,-1,0,0,-1,0,0,-1,0,0,-1,0,0,-1,0,0,-1,0,0,0,0,0,0,0,0,0,0,-1,0,0,0,-1,-1,-1,0,1,0,[0|0|0|0|0|0|0|0|0],0,0,0,0,0,0,0,0,0,0,0,0,0,0,0,0,
17,,1,0,[0|0|0],0,0,150,999,0,0,0,0,0,0,0,0,1,0,0,[0],0,0,11,0,0,[0],-55.11,47.51,-307.16,110007,0,118,-1,0,0,-1,0,0,-1,0,0,-1,0,0,-1,0,0,-1,0,0,-1,0,0,0,0,0,0,0,0,0,0,-1,0,0,0,-1,-1,-1,0,1,0,[0|0|0|0|0|0|0|0|0],0,0,0,0,0,0,0,0,0,0,0,0,0,0,0,0,
18,,1,0,[0|0|0],0,0,150,999,0,0,0,0,0,0,0,0,1,0,0,[0],0,0,11,0,0,[0],-319.98,-32.63,-270.49,110008,0,118,-1,0,0,-1,0,0,-1,0,0,-1,0,0,-1,0,0,-1,0,0,-1,0,0,0,0,0,0,0,0,0,0,-1,0,0,0,-1,-1,-1,0,1,0,[0|0|0|0|0|0|0|0|0],0,0,0,0,0,0,0,0,0,0,0,0,0,0,0,0,
19,,1,0,[0|0|0],0,0,150,999,0,0,0,0,0,0,0,0,1,0,0,[0],0,0,11,0,0,[0],-426.01,29.12,-294.32,110009,0,118,-1,0,0,-1,0,0,-1,0,0,-1,0,0,-1,0,0,-1,0,0,-1,0,0,0,0,0,0,0,0,0,0,-1,0,0,0,-1,-1,-1,0,1,0,[0|0|0|0|0|0|0|0|0],0,0,0,0,0,0,0,0,0,0,0,0,0,0,0,0,
20,,1,0,[0|0|0],0,0,150,999,0,0,0,0,0,0,0,0,1,0,0,[0],0,0,11,5,0,[0],37.18,64.98,-415.93,110500,11050800,71120,-1,0,0,-1,0,0,-1,0,0,-1,0,0,-1,0,0,-1,0,0,-1,0,0,0,0,0,0,0,0,0,0,-1,0,0,0,-1,-1,-1,0,1,0,[0|0|0|0|0|0|0|0|0],0,0,0,0,0,0,0,0,0,0,0,0,0,0,0,0,
21,,1,0,[0|0|0],0,0,150,999,0,0,0,0,0,0,0,0,1,0,0,[0],0,0,11,5,0,[0],-132,31.01,-386.5,110501,11050850,71121,-1,0,0,-1,0,0,-1,0,0,-1,0,0,-1,0,0,-1,0,0,-1,0,0,0,0,0,0,0,0,0,0,-1,0,0,0,-1,-1,-1,0,1,0,[0|0|0|0|0|0|0|0|0],0,0,0,0,0,0,0,0,0,0,0,0,0,0,0,0,
22,,1,0,[0|0|0],0,0,150,999,0,0,0,0,0,0,0,0,1,0,0,[0],0,0,11,5,0,[0],-33.01,8,-80.47,110502,118,71122,-1,0,0,-1,0,0,-1,0,0,-1,0,0,-1,0,0,-1,0,0,-1,0,0,0,0,0,0,0,0,0,0,-1,0,0,0,-1,-1,-1,0,1,0,[0|0|0|0|0|0|0|0|0],0,0,0,0,0,0,0,0,0,0,0,0,0,0,0,0,
23,,1,0,[0|0|0],0,0,150,999,0,0,0,0,0,0,0,0,1,0,0,[0],0,0,11,5,0,[0],-129.94,-31.54,-126.04,110503,118,71123,-1,0,0,-1,0,0,-1,0,0,-1,0,0,-1,0,0,-1,0,0,-1,0,0,0,0,0,0,0,0,0,0,-1,0,0,0,-1,-1,-1,0,1,0,[0|0|0|0|0|0|0|0|0],0,0,0,0,0,0,0,0,0,0,0,0,0,0,0,0,
24,,1,0,[0|0|0],0,0,150,999,0,0,0,0,0,0,0,0,1,0,0,[0],0,0,11,5,0,[0],-54.63,47.56,-306.38,110504,118,71124,-1,0,0,-1,0,0,-1,0,0,-1,0,0,-1,0,0,-1,0,0,-1,0,0,0,0,0,0,0,0,0,0,-1,0,0,0,-1,-1,-1,0,1,0,[0|0|0|0|0|0|0|0|0],0,0,0,0,0,0,0,0,0,0,0,0,0,0,0,0,
25,,1,0,[0|0|0],0,0,150,999,0,0,0,0,0,0,0,0,1,0,0,[0],0,0,11,5,0,[0],-426.01,29.12,-294.32,110505,118,71125,-1,0,0,-1,0,0,-1,0,0,-1,0,0,-1,0,0,-1,0,0,-1,0,0,0,0,0,0,0,0,0,0,-1,0,0,0,-1,-1,-1,0,1,0,[0|0|0|0|0|0|0|0|0],0,0,0,0,0,0,0,0,0,0,0,0,0,0,0,0,
26,,1,0,[0|0|0],0,0,150,999,0,0,0,0,0,0,0,0,0,1,0,[0],0,0,12,1,0,[0],-113.845,-223.497,118.07,120100,12010800,71210,-1,0,0,-1,0,0,-1,0,0,-1,0,0,-1,0,0,-1,0,0,-1,0,0,0,0,0,0,0,0,0,0,-1,0,0,0,-1,-1,-1,0,1,0,[0|0|0|0|0|0|0|0|0],0,0,0,0,0,0,0,0,0,0,0,0,0,0,0,0,
27,,1,0,[0|0|0],0,0,150,999,0,0,0,0,0,0,0,0,0,1,0,[0],0,0,12,1,0,[0],400.687,-145.01,-103.113,120101,0,71211,-1,0,0,-1,0,0,-1,0,0,-1,0,0,-1,0,0,-1,0,0,-1,0,0,0,0,0,0,0,0,0,0,-1,0,0,0,-1,-1,-1,0,1,0,[0|0|0|0|0|0|0|0|0],0,0,0,0,0,0,0,0,0,0,0,0,0,0,0,0,
28,,1,0,[0|0|0],0,0,150,999,0,0,0,0,0,0,0,0,0,1,0,[0],0,0,12,1,0,[0],207.063,-170.645,-204.237,120102,0,71212,-1,0,0,-1,0,0,-1,0,0,-1,0,0,-1,0,0,-1,0,0,-1,0,0,0,0,0,0,0,0,0,0,-1,0,0,0,-1,-1,-1,0,1,0,[0|0|0|0|0|0|0|0|0],0,0,0,0,0,0,0,0,0,0,0,0,0,0,0,0,
29,,1,0,[0|0|0],0,0,150,999,0,0,0,0,0,0,0,0,0,1,0,[0],0,0,12,1,0,[0],-17.335,-210.064,-107.813,120103,0,71213,-1,0,0,-1,0,0,-1,0,0,-1,0,0,-1,0,0,-1,0,0,-1,0,0,0,0,0,0,0,0,0,0,-1,0,0,0,-1,-1,-1,0,1,0,[0|0|0|0|0|0|0|0|0],0,0,0,0,0,0,0,0,0,0,0,0,0,0,0,0,
30,,1,0,[0|0|0],0,0,150,999,0,0,0,0,0,0,0,0,0,1,0,[0],0,0,12,1,0,[0],333.502,-79.105,269.242,120104,0,71214,-1,0,0,-1,0,0,-1,0,0,-1,0,0,-1,0,0,-1,0,0,-1,0,0,0,0,0,0,0,0,0,0,-1,0,0,0,-1,-1,-1,0,1,0,[0|0|0|0|0|0|0|0|0],0,0,0,0,0,0,0,0,0,0,0,0,0,0,0,0,
31,,1,0,[0|0|0],0,0,150,999,0,0,0,0,0,0,0,0,0,1,0,[0],0,0,12,1,0,[0],29.589,-160.789,76.524,120105,0,71215,-1,0,0,-1,0,0,-1,0,0,-1,0,0,-1,0,0,-1,0,0,-1,0,0,0,0,0,0,0,0,0,0,-1,0,0,0,-1,-1,-1,0,1,0,[0|0|0|0|0|0|0|0|0],0,0,0,0,0,0,0,0,0,0,0,0,0,0,0,0,
32,,1,0,[0|0|0],0,0,150,999,0,0,0,0,0,0,0,0,0,1,0,[0],0,0,12,1,0,[0],-308.352,-308.018,-66.554,120106,0,71216,-1,0,0,-1,0,0,-1,0,0,-1,0,0,-1,0,0,-1,0,0,-1,0,0,0,0,0,0,0,0,0,0,-1,0,0,0,-1,-1,-1,0,1,0,[0|0|0|0|0|0|0|0|0],0,0,0,0,0,0,0,0,0,0,0,0,0,0,0,0,
33,,1,0,[0|0|0],0,0,150,999,0,0,0,0,0,0,0,0,0,1,0,[0],0,0,12,1,0,[0],-411.549,-328.753,-525.689,120108,0,71218,-1,0,0,-1,0,0,-1,0,0,-1,0,0,-1,0,0,-1,0,0,-1,0,0,0,0,0,0,0,0,0,0,-1,0,0,0,-1,-1,-1,0,1,0,[0|0|0|0|0|0|0|0|0],0,0,0,0,0,0,0,0,0,0,0,0,0,0,0,0,
34,,1,0,[0|0|0],0,0,150,999,0,0,0,0,0,0,0,0,0,1,0,[0],0,0,12,1,0,[0],-243.44,-280.284,152.997,120109,0,71219,-1,0,0,-1,0,0,-1,0,0,-1,0,0,-1,0,0,-1,0,0,-1,0,0,0,0,0,0,0,0,0,0,-1,0,0,0,-1,-1,-1,0,1,0,[0|0|0|0|0|0|0|0|0],0,0,0,0,0,0,0,0,0,0,0,0,0,0,0,0,
35,,1,0,[0|0|0],0,0,150,999,0,0,0,0,0,0,0,0,0,1,0,[0],0,0,12,2,0,[0],1184.54,-619.219,1909.859,120200,12020800,71220,-1,0,0,-1,0,0,-1,0,0,-1,0,0,-1,0,0,-1,0,0,-1,0,0,0,0,0,0,0,0,0,0,-1,0,0,0,-1,-1,-1,0,1,0,[0|0|0|0|0|0|0|0|0],0,0,0,0,0,0,0,0,0,0,0,0,0,0,0,0,
36,,1,0,[0|0|0],0,0,150,999,0,0,0,0,0,0,0,0,0,1,0,[0],0,0,12,2,0,[0],1016.052,-616.458,1153.374,120201,12020850,71221,-1,0,0,-1,0,0,-1,0,0,-1,0,0,-1,0,0,-1,0,0,-1,0,0,0,0,0,0,0,0,0,0,-1,0,0,0,-1,-1,-1,0,1,0,[0|0|0|0|0|0|0|0|0],0,0,0,0,0,0,0,0,0,0,0,0,0,0,0,0,
37,,1,0,[0|0|0],0,0,150,999,0,0,0,0,0,0,0,0,0,1,0,[0],0,0,12,2,0,[0],1098.26,-823.457,1266.802,120203,0,71222,-1,0,0,-1,0,0,-1,0,0,-1,0,0,-1,0,0,-1,0,0,-1,0,0,0,0,0,0,0,0,0,0,-1,0,0,0,-1,-1,-1,0,1,0,[0|0|0|0|0|0|0|0|0],0,0,0,0,0,0,0,0,0,0,0,0,0,0,0,0,
38,,1,0,[0|0|0],0,0,150,999,0,0,0,0,0,0,0,0,0,1,0,[0],0,0,12,2,0,[0],1438.45,-816.47,1519.47,120204,0,71223,-1,0,0,-1,0,0,-1,0,0,-1,0,0,-1,0,0,-1,0,0,-1,0,0,0,0,0,0,0,0,0,0,-1,0,0,0,-1,-1,-1,0,1,0,[0|0|0|0|0|0|0|0|0],0,0,0,0,0,0,0,0,0,0,0,0,0,0,0,0,
39,,1,0,[0|0|0],0,0,150,999,0,0,0,0,0,0,0,0,0,1,0,[0],0,0,12,2,0,[0],1016.445,-605.417,1462.896,120206,0,71224,-1,0,0,-1,0,0,-1,0,0,-1,0,0,-1,0,0,-1,0,0,-1,0,0,0,0,0,0,0,0,0,0,-1,0,0,0,-1,-1,-1,0,1,0,[0|0|0|0|0|0|0|0|0],0,0,0,0,0,0,0,0,0,0,0,0,0,0,0,0,
40,,1,0,[0|0|0],0,0,150,999,0,0,0,0,0,0,0,0,0,1,0,[0],0,0,12,2,0,[0],1176.12,-611.76,1754.38,120207,0,71225,-1,0,0,-1,0,0,-1,0,0,-1,0,0,-1,0,0,-1,0,0,-1,0,0,0,0,0,0,0,0,0,0,-1,0,0,0,-1,-1,-1,0,1,0,[0|0|0|0|0|0|0|0|0],0,0,0,0,0,0,0,0,0,0,0,0,0,0,0,0,
41,,1,0,[0|0|0],0,0,150,999,0,0,0,0,0,0,0,0,0,1,0,[0],0,0,12,2,0,[0],951.61,-671.3,1293.86,120208,0,71226,-1,0,0,-1,0,0,-1,0,0,-1,0,0,-1,0,0,-1,0,0,-1,0,0,0,0,0,0,0,0,0,0,-1,0,0,0,-1,-1,-1,0,1,0,[0|0|0|0|0|0|0|0|0],0,0,0,0,0,0,0,0,0,0,0,0,0,0,0,0,
42,,1,0,[0|0|0],0,0,150,999,0,0,0,0,0,0,0,0,0,1,0,[0],0,0,12,2,0,[0],1518.224,-770.543,1867.396,120209,0,71227,-1,0,0,-1,0,0,-1,0,0,-1,0,0,-1,0,0,-1,0,0,-1,0,0,0,0,0,0,0,0,0,0,-1,0,0,0,-1,-1,-1,0,1,0,[0|0|0|0|0|0|0|0|0],0,0,0,0,0,0,0,0,0,0,0,0,0,0,0,0,
43,,1,0,[0|0|0],0,0,150,999,0,0,0,0,0,0,0,0,0,1,0,[0],0,0,12,3,0,[0],-379.5,149.74,-202.16,120300,12030800,71230,-1,0,0,-1,0,0,-1,0,0,-1,0,0,-1,0,0,-1,0,0,-1,0,0,0,0,0,0,0,0,0,0,-1,0,0,0,-1,-1,-1,0,1,0,[0|0|0|0|0|0|0|0|0],0,0,0,0,0,0,0,0,0,0,0,0,0,0,0,0,
44,,1,0,[0|0|0],0,0,150,999,0,0,0,0,0,0,0,0,0,1,0,[0],0,0,12,3,0,[0],-184.95,272.9,-517.58,120301,0,71231,-1,0,0,-1,0,0,-1,0,0,-1,0,0,-1,0,0,-1,0,0,-1,0,0,0,0,0,0,0,0,0,0,-1,0,0,0,-1,-1,-1,0,1,0,[0|0|0|0|0|0|0|0|0],0,0,0,0,0,0,0,0,0,0,0,0,0,0,0,0,
45,,1,0,[0|0|0],0,0,150,999,0,0,0,0,0,0,0,0,0,1,0,[0],0,0,12,3,0,[0],-163.86,91.92,-624.79,120302,0,71232,-1,0,0,-1,0,0,-1,0,0,-1,0,0,-1,0,0,-1,0,0,-1,0,0,0,0,0,0,0,0,0,0,-1,0,0,0,-1,-1,-1,0,1,0,[0|0|0|0|0|0|0|0|0],0,0,0,0,0,0,0,0,0,0,0,0,0,0,0,0,
46,,1,0,[0|0|0],0,0,150,999,0,0,0,0,0,0,0,0,0,1,0,[0],0,0,12,3,0,[0],-598.37,98.15,-609.92,120303,0,71233,-1,0,0,-1,0,0,-1,0,0,-1,0,0,-1,0,0,-1,0,0,-1,0,0,0,0,0,0,0,0,0,0,-1,0,0,0,-1,-1,-1,0,1,0,[0|0|0|0|0|0|0|0|0],0,0,0,0,0,0,0,0,0,0,0,0,0,0,0,0,
47,,1,0,[0|0|0],0,0,150,999,0,0,0,0,0,0,0,0,0,1,0,[0],0,0,12,3,0,[0],-689.665,92.284,-409.819,120304,0,71234,-1,0,0,-1,0,0,-1,0,0,-1,0,0,-1,0,0,-1,0,0,-1,0,0,0,0,0,0,0,0,0,0,-1,0,0,0,-1,-1,-1,0,1,0,[0|0|0|0|0|0|0|0|0],0,0,0,0,0,0,0,0,0,0,0,0,0,0,0,0,
48,,1,0,[0|0|0],0,0,150,999,0,0,0,0,0,0,0,0,0,1,0,[0],0,0,12,3,0,[0],-469.23,149.62,-351.1,120305,0,71235,-1,0,0,-1,0,0,-1,0,0,-1,0,0,-1,0,0,-1,0,0,-1,0,0,0,0,0,0,0,0,0,0,-1,0,0,0,-1,-1,-1,0,1,0,[0|0|0|0|0|0|0|0|0],0,0,0,0,0,0,0,0,0,0,0,0,0,0,0,0,
49,,1,0,[0|0|0],0,0,150,999,0,0,0,0,0,0,0,0,0,1,0,[0],0,0,12,4,0,[0],-64.49,-106.13,-77.82,120400,12040800,71240,-1,0,0,-1,0,0,-1,0,0,-1,0,0,-1,0,0,-1,0,0,-1,0,0,0,0,0,0,0,0,0,0,-1,0,0,0,-1,-1,-1,0,1,0,[0|0|0|0|0|0|0|0|0],0,0,0,0,0,0,0,0,0,0,0,0,0,0,0,0,
50,,1,0,[0|0|0],0,0,150,999,0,0,0,0,0,0,0,0,0,1,0,[0],0,0,12,5,0,[0],1533.44,-501,1243.16,120500,12050800,71250,-1,0,0,-1,0,0,-1,0,0,-1,0,0,-1,0,0,-1,0,0,-1,0,0,0,0,0,0,0,0,0,0,-1,0,0,0,-1,-1,-1,0,1,0,[0|0|0|0|0|0|0|0|0],0,0,0,0,0,0,0,0,0,0,0,0,0,0,0,0,
51,,1,0,[0|0|0],0,0,150,999,0,0,0,0,0,0,0,0,0,1,0,[0],0,0,12,5,0,[0],1902.74,-600.38,1116.63,120501,0,71251,-1,0,0,-1,0,0,-1,0,0,-1,0,0,-1,0,0,-1,0,0,-1,0,0,0,0,0,0,0,0,0,0,-1,0,0,0,-1,-1,-1,0,1,0,[0|0|0|0|0|0|0|0|0],0,0,0,0,0,0,0,0,0,0,0,0,0,0,0,0,
52,,1,0,[0|0|0],0,0,150,999,0,0,0,0,0,0,0,0,0,1,0,[0],0,0,12,5,0,[0],1703,-611.84,1288.74,120502,0,71252,-1,0,0,-1,0,0,-1,0,0,-1,0,0,-1,0,0,-1,0,0,-1,0,0,0,0,0,0,0,0,0,0,-1,0,0,0,-1,-1,-1,0,1,0,[0|0|0|0|0|0|0|0|0],0,0,0,0,0,0,0,0,0,0,0,0,0,0,0,0,
53,,1,0,[0|0|0],0,0,150,999,0,0,0,0,0,0,0,0,0,1,0,[0],0,0,12,5,0,[0],1637.66,-562.65,1248,120503,0,71253,-1,0,0,-1,0,0,-1,0,0,-1,0,0,-1,0,0,-1,0,0,-1,0,0,0,0,0,0,0,0,0,0,-1,0,0,0,-1,-1,-1,0,1,0,[0|0|0|0|0|0|0|0|0],0,0,0,0,0,0,0,0,0,0,0,0,0,0,0,0,
54,,1,0,[0|0|0],0,0,150,999,0,0,0,0,0,0,0,0,0,1,0,[0],0,0,12,7,0,[0],748.229,-911.677,1164.145,120700,0,71270,-1,0,0,-1,0,0,-1,0,0,-1,0,0,-1,0,0,-1,0,0,-1,0,0,0,0,0,0,0,0,0,0,-1,0,0,0,-1,-1,-1,0,1,0,[0|0|0|0|0|0|0|0|0],0,0,0,0,0,0,0,0,0,0,0,0,0,0,0,0,
55,,1,0,[0|0|0],0,0,150,999,0,0,0,0,0,0,0,0,0,1,0,[0],0,0,12,7,0,[0],709.945,-579.639,1233.984,120701,0,71271,-1,0,0,-1,0,0,-1,0,0,-1,0,0,-1,0,0,-1,0,0,-1,0,0,0,0,0,0,0,0,0,0,-1,0,0,0,-1,-1,-1,0,1,0,[0|0|0|0|0|0|0|0|0],0,0,0,0,0,0,0,0,0,0,0,0,0,0,0,0,
56,,1,0,[0|0|0],0,0,150,999,0,0,0,0,0,0,0,0,1,0,0,[0],0,0,13,0,0,[0],224.9,-32.7,365.67,130000,13000800,71300,-1,0,0,-1,0,0,-1,0,0,-1,0,0,-1,0,0,-1,0,0,-1,0,0,0,0,0,0,0,0,0,0,-1,0,0,0,-1,-1,-1,0,1,0,[0|0|0|0|0|0|0|0|0],0,0,0,0,0,0,0,0,0,0,0,0,0,0,0,0,
57,,1,0,[0|0|0],0,0,150,999,0,0,0,0,0,0,0,0,1,0,0,[0],0,0,13,0,0,[0],14.94,1009.61,330.49,130001,13000830,71301,-1,0,0,-1,0,0,-1,0,0,-1,0,0,-1,0,0,-1,0,0,-1,0,0,0,0,0,0,0,0,0,0,-1,0,0,0,-1,-1,-1,0,1,0,[0|0|0|0|0|0|0|0|0],0,0,0,0,0,0,0,0,0,0,0,0,0,0,0,0,
58,,1,0,[0|0|0],0,0,150,999,0,0,0,0,0,0,0,0,1,0,0,[0],0,0,13,0,0,[0],13.73,-39.29,411.53,130002,13000850,71302,-1,0,0,-1,0,0,-1,0,0,-1,0,0,-1,0,0,-1,0,0,-1,0,0,0,0,0,0,0,0,0,0,-1,0,0,0,-1,-1,-1,0,1,0,[0|0|0|0|0|0|0|0|0],0,0,0,0,0,0,0,0,0,0,0,0,0,0,0,0,
59,,1,0,[0|0|0],0,0,150,999,0,0,0,0,0,0,0,0,1,0,0,[0],0,0,13,0,0,[0],116.66,53.95,161.07,130003,0,71303,-1,0,0,-1,0,0,-1,0,0,-1,0,0,-1,0,0,-1,0,0,-1,0,0,0,0,0,0,0,0,0,0,-1,0,0,0,-1,-1,-1,0,1,0,[0|0|0|0|0|0|0|0|0],0,0,0,0,0,0,0,0,0,0,0,0,0,0,0,0,
60,,1,0,[0|0|0],0,0,150,999,0,0,0,0,0,0,0,0,1,0,0,[0],0,0,13,0,0,[0],-92.94,47.42,210.9,130004,0,71304,-1,0,0,-1,0,0,-1,0,0,-1,0,0,-1,0,0,-1,0,0,-1,0,0,0,0,0,0,0,0,0,0,-1,0,0,0,-1,-1,-1,0,1,0,[0|0|0|0|0|0|0|0|0],0,0,0,0,0,0,0,0,0,0,0,0,0,0,0,0,
61,,1,0,[0|0|0],0,0,150,999,0,0,0,0,0,0,0,0,1,0,0,[0],0,0,13,0,0,[0],-88.16,36.37,282.61,130005,0,71305,-1,0,0,-1,0,0,-1,0,0,-1,0,0,-1,0,0,-1,0,0,-1,0,0,0,0,0,0,0,0,0,0,-1,0,0,0,-1,-1,-1,0,1,0,[0|0|0|0|0|0|0|0|0],0,0,0,0,0,0,0,0,0,0,0,0,0,0,0,0,
62,,1,0,[0|0|0],0,0,150,999,0,0,0,0,0,0,0,0,1,0,0,[0],0,0,13,0,0,[0],-75.41,-19.96,404.67,130006,0,71306,-1,0,0,-1,0,0,-1,0,0,-1,0,0,-1,0,0,-1,0,0,-1,0,0,0,0,0,0,0,0,0,0,-1,0,0,0,-1,-1,-1,0,1,0,[0|0|0|0|0|0|0|0|0],0,0,0,0,0,0,0,0,0,0,0,0,0,0,0,0,
63,,1,0,[0|0|0],0,0,150,999,0,0,0,0,0,0,0,0,1,0,0,[0],0,0,13,0,0,[0],30.4,-45.99,361.79,130007,0,71307,-1,0,0,-1,0,0,-1,0,0,-1,0,0,-1,0,0,-1,0,0,-1,0,0,0,0,0,0,0,0,0,0,-1,0,0,0,-1,-1,-1,0,1,0,[0|0|0|0|0|0|0|0|0],0,0,0,0,0,0,0,0,0,0,0,0,0,0,0,0,
64,,1,0,[0|0|0],0,0,150,999,0,0,0,0,0,0,0,0,1,0,0,[0],0,0,13,0,0,[0],-73.6,-0.97,498.83,130008,0,71308,-1,0,0,-1,0,0,-1,0,0,-1,0,0,-1,0,0,-1,0,0,-1,0,0,0,0,0,0,0,0,0,0,-1,0,0,0,-1,-1,-1,0,1,0,[0|0|0|0|0|0|0|0|0],0,0,0,0,0,0,0,0,0,0,0,0,0,0,0,0,
65,,1,0,[0|0|0],0,0,150,999,0,0,0,0,0,0,0,0,1,0,0,[0],0,0,13,0,0,[0],83.98,-86.05,608.5,130009,0,71309,-1,0,0,-1,0,0,-1,0,0,-1,0,0,-1,0,0,-1,0,0,-1,0,0,0,0,0,0,0,0,0,0,-1,0,0,0,-1,-1,-1,0,1,0,[0|0|0|0|0|0|0|0|0],0,0,0,0,0,0,0,0,0,0,0,0,0,0,0,0,
66,,1,0,[0|0|0],0,0,150,999,0,0,0,0,0,0,0,0,1,0,0,[0],0,0,13,0,0,[0],64.07,-73.77,497.52,130010,0,71310,-1,0,0,-1,0,0,-1,0,0,-1,0,0,-1,0,0,-1,0,0,-1,0,0,0,0,0,0,0,0,0,0,-1,0,0,0,-1,-1,-1,0,1,0,[0|0|0|0|0|0|0|0|0],0,0,0,0,0,0,0,0,0,0,0,0,0,0,0,0,
67,,1,0,[0|0|0],0,0,150,999,0,0,0,0,0,0,0,0,1,0,0,[0],0,0,14,0,0,[0],32.86,154.12,-20.34,140000,14000800,71400,-1,0,0,-1,0,0,-1,0,0,-1,0,0,-1,0,0,-1,0,0,-1,0,0,0,0,0,0,0,0,0,0,-1,0,0,0,-1,-1,-1,0,1,0,[0|0|0|0|0|0|0|0|0],0,0,0,0,0,0,0,0,0,0,0,0,0,0,0,0,
68,,1,0,[0|0|0],0,0,150,999,0,0,0,0,0,0,0,0,1,0,0,[0],0,0,14,0,0,[0],154.79,110.18,-222.38,140001,14000850,71401,-1,0,0,-1,0,0,-1,0,0,-1,0,0,-1,0,0,-1,0,0,-1,0,0,0,0,0,0,0,0,0,0,-1,0,0,0,-1,-1,-1,0,1,0,[0|0|0|0|0|0|0|0|0],0,0,0,0,0,0,0,0,0,0,0,0,0,0,0,0,
69,,1,0,[0|0|0],0,0,150,999,0,0,0,0,0,0,0,0,1,0,0,[0],0,0,14,0,0,[0],-13.92,62,-95.64,140002,0,71402,-1,0,0,-1,0,0,-1,0,0,-1,0,0,-1,0,0,-1,0,0,-1,0,0,0,0,0,0,0,0,0,0,-1,0,0,0,-1,-1,-1,0,1,0,[0|0|0|0|0|0|0|0|0],0,0,0,0,0,0,0,0,0,0,0,0,0,0,0,0,
70,,1,0,[0|0|0],0,0,150,999,0,0,0,0,0,0,0,0,1,0,0,[0],0,0,14,0,0,[0],134.24,94.07,-184.98,140003,0,71403,-1,0,0,-1,0,0,-1,0,0,-1,0,0,-1,0,0,-1,0,0,-1,0,0,0,0,0,0,0,0,0,0,-1,0,0,0,-1,-1,-1,0,1,0,[0|0|0|0|0|0|0|0|0],0,0,0,0,0,0,0,0,0,0,0,0,0,0,0,0,
71,,1,0,[0|0|0],0,0,150,999,0,0,0,0,0,0,0,0,1,0,0,[0],0,0,15,0,0,[0],-21.34,51.57,487.89,150000,15000800,71500,-1,0,0,-1,0,0,-1,0,0,-1,0,0,-1,0,0,-1,0,0,-1,0,0,0,0,0,0,0,0,0,0,-1,0,0,0,-1,-1,-1,0,1,0,[0|0|0|0|0|0|0|0|0],0,0,0,0,0,0,0,0,0,0,0,0,0,0,0,0,
72,,1,0,[0|0|0],0,0,150,999,0,0,0,0,0,0,0,0,1,0,0,[0],0,0,15,0,0,[0],77.19,247,432.05,150001,0,71501,-1,0,0,-1,0,0,-1,0,0,-1,0,0,-1,0,0,-1,0,0,-1,0,0,0,0,0,0,0,0,0,0,-1,0,0,0,-1,-1,-1,0,1,0,[0|0|0|0|0|0|0|0|0],0,0,0,0,0,0,0,0,0,0,0,0,0,0,0,0,
73,,1,0,[0|0|0],0,0,150,999,0,0,0,0,0,0,0,0,1,0,0,[0],0,0,15,0,0,[0],-28.82,211.44,596.6,150002,0,71502,-1,0,0,-1,0,0,-1,0,0,-1,0,0,-1,0,0,-1,0,0,-1,0,0,0,0,0,0,0,0,0,0,-1,0,0,0,-1,-1,-1,0,1,0,[0|0|0|0|0|0|0|0|0],0,0,0,0,0,0,0,0,0,0,0,0,0,0,0,0,
74,,1,0,[0|0|0],0,0,150,999,0,0,0,0,0,0,0,0,1,0,0,[0],0,0,15,0,0,[0],121.88,170.4,483.54,150003,0,71503,-1,0,0,-1,0,0,-1,0,0,-1,0,0,-1,0,0,-1,0,0,-1,0,0,0,0,0,0,0,0,0,0,-1,0,0,0,-1,-1,-1,0,1,0,[0|0|0|0|0|0|0|0|0],0,0,0,0,0,0,0,0,0,0,0,0,0,0,0,0,
75,,1,0,[0|0|0],0,0,150,999,0,0,0,0,0,0,0,0,1,0,0,[0],0,0,15,0,0,[0],88.93,60.8,549.13,150004,0,71504,-1,0,0,-1,0,0,-1,0,0,-1,0,0,-1,0,0,-1,0,0,-1,0,0,0,0,0,0,0,0,0,0,-1,0,0,0,-1,-1,-1,0,1,0,[0|0|0|0|0|0|0|0|0],0,0,0,0,0,0,0,0,0,0,0,0,0,0,0,0,
76,,1,0,[0|0|0],0,0,150,999,0,0,0,0,0,0,0,0,1,0,0,[0],0,0,15,0,0,[0],175.95,431.75,297.9,150005,15000850,71505,-1,0,0,-1,0,0,-1,0,0,-1,0,0,-1,0,0,-1,0,0,-1,0,0,0,0,0,0,0,0,0,0,-1,0,0,0,-1,-1,-1,0,1,0,[0|0|0|0|0|0|0|0|0],0,0,0,0,0,0,0,0,0,0,0,0,0,0,0,0,
77,,1,0,[0|0|0],0,0,150,999,0,0,0,0,0,0,0,0,1,0,0,[0],0,0,15,0,0,[0],-0.49,618.05,42.91,150006,0,71506,-1,0,0,-1,0,0,-1,0,0,-1,0,0,-1,0,0,-1,0,0,-1,0,0,0,0,0,0,0,0,0,0,-1,0,0,0,-1,-1,-1,0,1,0,[0|0|0|0|0|0|0|0|0],0,0,0,0,0,0,0,0,0,0,0,0,0,0,0,0,
78,,1,0,[0|0|0],0,0,150,999,0,0,0,0,0,0,0,0,1,0,0,[0],0,0,15,0,0,[0],63.54,501.51,231.44,150007,0,71507,-1,0,0,-1,0,0,-1,0,0,-1,0,0,-1,0,0,-1,0,0,-1,0,0,0,0,0,0,0,0,0,0,-1,0,0,0,-1,-1,-1,0,1,0,[0|0|0|0|0|0|0|0|0],0,0,0,0,0,0,0,0,0,0,0,0,0,0,0,0,
79,,1,0,[0|0|0],0,0,150,999,0,0,0,0,0,0,0,0,1,0,0,[0],0,0,15,0,0,[0],-1.34,475.87,294.97,150008,0,71508,-1,0,0,-1,0,0,-1,0,0,-1,0,0,-1,0,0,-1,0,0,-1,0,0,0,0,0,0,0,0,0,0,-1,0,0,0,-1,-1,-1,0,1,0,[0|0|0|0|0|0|0|0|0],0,0,0,0,0,0,0,0,0,0,0,0,0,0,0,0,
80,,1,0,[0|0|0],0,0,150,999,0,0,0,0,0,0,0,0,1,0,0,[0],0,0,16,0,0,[0],93.68,-439.54,-116.08,160000,16000800,71600,-1,0,0,-1,0,0,-1,0,0,-1,0,0,-1,0,0,-1,0,0,-1,0,0,0,0,0,0,0,0,0,0,-1,0,0,0,-1,-1,-1,0,1,0,[0|0|0|0|0|0|0|0|0],0,0,0,0,0,0,0,0,0,0,0,0,0,0,0,0,
81,,1,0,[0|0|0],0,0,150,999,0,0,0,0,0,0,0,0,1,0,0,[0],0,0,16,0,0,[0],54.92,6.84,-207.91,160001,16000850,71601,-1,0,0,-1,0,0,-1,0,0,-1,0,0,-1,0,0,-1,0,0,-1,0,0,0,0,0,0,0,0,0,0,-1,0,0,0,-1,-1,-1,0,1,0,[0|0|0|0|0|0|0|0|0],0,0,0,0,0,0,0,0,0,0,0,0,0,0,0,0,
82,,1,0,[0|0|0],0,0,150,999,0,0,0,0,0,0,0,0,1,0,0,[0],0,0,16,0,0,[0],40.88,4.95,-60.27,160002,0,71602,-1,0,0,-1,0,0,-1,0,0,-1,0,0,-1,0,0,-1,0,0,-1,0,0,0,0,0,0,0,0,0,0,-1,0,0,0,-1,-1,-1,0,1,0,[0|0|0|0|0|0|0|0|0],0,0,0,0,0,0,0,0,0,0,0,0,0,0,0,0,
83,,1,0,[0|0|0],0,0,150,999,0,0,0,0,0,0,0,0,1,0,0,[0],0,0,16,0,0,[0],-62.98,-9.21,-113.62,160003,0,71603,-1,0,0,-1,0,0,-1,0,0,-1,0,0,-1,0,0,-1,0,0,-1,0,0,0,0,0,0,0,0,0,0,-1,0,0,0,-1,-1,-1,0,1,0,[0|0|0|0|0|0|0|0|0],0,0,0,0,0,0,0,0,0,0,0,0,0,0,0,0,
84,,1,0,[0|0|0],0,0,150,999,0,0,0,0,0,0,0,0,1,0,0,[0],0,0,16,0,0,[0],-131.45,-43.6,-213.28,160004,0,71604,-1,0,0,-1,0,0,-1,0,0,-1,0,0,-1,0,0,-1,0,0,-1,0,0,0,0,0,0,0,0,0,0,-1,0,0,0,-1,-1,-1,0,1,0,[0|0|0|0|0|0|0|0|0],0,0,0,0,0,0,0,0,0,0,0,0,0,0,0,0,
85,,1,0,[0|0|0],0,0,150,999,0,0,0,0,0,0,0,0,1,0,0,[0],0,0,16,0,0,[0],98.2,-432.87,-11.75,160005,0,71605,-1,0,0,-1,0,0,-1,0,0,-1,0,0,-1,0,0,-1,0,0,-1,0,0,0,0,0,0,0,0,0,0,-1,0,0,0,-1,-1,-1,0,1,0,[0|0|0|0|0|0|0|0|0],0,0,0,0,0,0,0,0,0,0,0,0,0,0,0,0,
86,,1,0,[0|0|0],0,0,150,999,0,0,0,0,0,0,0,0,1,0,0,[0],0,0,16,0,0,[0],273.651,-133.13,-258.567,160006,16000860,71606,-1,0,0,-1,0,0,-1,0,0,-1,0,0,-1,0,0,-1,0,0,-1,0,0,0,0,0,0,0,0,0,0,-1,0,0,0,-1,-1,-1,0,1,0,[0|0|0|0|0|0|0|0|0],0,0,0,0,0,0,0,0,0,0,0,0,0,0,0,0,
87,,1,0,[0|0|0],0,0,150,999,0,0,0,0,0,0,0,0,1,0,0,[0],0,0,16,0,0,[0],163.033,-106.969,-149.041,160007,0,71607,-1,0,0,-1,0,0,-1,0,0,-1,0,0,-1,0,0,-1,0,0,-1,0,0,0,0,0,0,0,0,0,0,-1,0,0,0,-1,-1,-1,0,1,0,[0|0|0|0|0|0|0|0|0],0,0,0,0,0,0,0,0,0,0,0,0,0,0,0,0,
88,,1,0,[0|0|0],0,0,150,999,0,0,0,0,0,0,0,0,1,0,0,[0],0,0,18,0,0,[0],-88.4,-10.17,43.86,180000,0,71800,-1,0,0,-1,0,0,-1,0,0,-1,0,0,-1,0,0,-1,0,0,-1,0,0,0,0,0,0,0,0,0,0,-1,0,0,0,-1,-1,-1,0,1,0,[0|0|0|0|0|0|0|0|0],0,0,0,0,0,0,0,0,0,0,0,0,0,0,0,0,
89,,1,0,[0|0|0],0,0,150,999,0,0,0,0,0,0,0,0,1,0,0,[0],0,0,18,0,0,[0],-115.7,13.87,12.14,180001,0,71801,-1,0,0,-1,0,0,-1,0,0,-1,0,0,-1,0,0,-1,0,0,-1,0,0,0,0,0,0,0,0,0,0,-1,0,0,0,-1,-1,-1,0,1,0,[0|0|0|0|0|0|0|0|0],0,0,0,0,0,0,0,0,0,0,0,0,0,0,0,0,
90,,1,0,[0|0|0],0,0,150,999,0,0,0,0,0,0,0,0,1,0,0,[0],0,0,30,0,0,[0],-95.662,66.13,107.314,300000,0,73000,-1,0,0,-1,0,0,-1,0,0,-1,0,0,-1,0,0,-1,0,0,-1,0,0,0,0,0,0,0,0,0,0,-1,0,0,0,-1,-1,-1,0,1,0,[0|0|0|0|0|0|0|0|0],0,0,0,0,0,0,0,0,0,0,0,0,0,0,0,0,
91,,1,0,[0|0|0],0,0,150,999,0,0,0,0,0,0,0,0,1,0,0,[0],0,0,30,1,0,[0],-26.735,50.307,-50.343,300100,0,73001,-1,0,0,-1,0,0,-1,0,0,-1,0,0,-1,0,0,-1,0,0,-1,0,0,0,0,0,0,0,0,0,0,-1,0,0,0,-1,-1,-1,0,1,0,[0|0|0|0|0|0|0|0|0],0,0,0,0,0,0,0,0,0,0,0,0,0,0,0,0,
92,,1,0,[0|0|0],0,0,150,999,0,0,0,0,0,0,0,0,1,0,0,[0],0,0,30,2,0,[0],42.644,144.915,-11.158,300200,0,73002,-1,0,0,-1,0,0,-1,0,0,-1,0,0,-1,0,0,-1,0,0,-1,0,0,0,0,0,0,0,0,0,0,-1,0,0,0,-1,-1,-1,0,1,0,[0|0|0|0|0|0|0|0|0],0,0,0,0,0,0,0,0,0,0,0,0,0,0,0,0,
93,,1,0,[0|0|0],0,0,150,999,0,0,0,0,0,0,0,0,1,0,0,[0],0,0,30,3,0,[0],-9.41,223.82,-24.05,300300,0,73003,-1,0,0,-1,0,0,-1,0,0,-1,0,0,-1,0,0,-1,0,0,-1,0,0,0,0,0,0,0,0,0,0,-1,0,0,0,-1,-1,-1,0,1,0,[0|0|0|0|0|0|0|0|0],0,0,0,0,0,0,0,0,0,0,0,0,0,0,0,0,
94,,1,0,[0|0|0],0,0,150,999,0,0,0,0,0,0,0,0,1,0,0,[0],0,0,30,4,0,[0],89.228,66.35,64.978,300400,0,73004,-1,0,0,-1,0,0,-1,0,0,-1,0,0,-1,0,0,-1,0,0,-1,0,0,0,0,0,0,0,0,0,0,-1,0,0,0,-1,-1,-1,0,1,0,[0|0|0|0|0|0|0|0|0],0,0,0,0,0,0,0,0,0,0,0,0,0,0,0,0,
95,,1,0,[0|0|0],0,0,150,999,0,0,0,0,0,0,0,0,1,0,0,[0],0,0,30,5,0,[0],-73.18,426.51,111.21,300500,0,73005,-1,0,0,-1,0,0,-1,0,0,-1,0,0,-1,0,0,-1,0,0,-1,0,0,0,0,0,0,0,0,0,0,-1,0,0,0,-1,-1,-1,0,1,0,[0|0|0|0|0|0|0|0|0],0,0,0,0,0,0,0,0,0,0,0,0,0,0,0,0,
96,,1,0,[0|0|0],0,0,150,999,0,0,0,0,0,0,0,0,1,0,0,[0],0,0,30,6,0,[0],75.46,239.75,69.66,300600,0,73006,-1,0,0,-1,0,0,-1,0,0,-1,0,0,-1,0,0,-1,0,0,-1,0,0,0,0,0,0,0,0,0,0,-1,0,0,0,-1,-1,-1,0,1,0,[0|0|0|0|0|0|0|0|0],0,0,0,0,0,0,0,0,0,0,0,0,0,0,0,0,
97,,1,0,[0|0|0],0,0,150,999,0,0,0,0,0,0,0,0,1,0,0,[0],0,0,30,7,0,[0],-127.08,835.81,121.83,300700,0,73007,-1,0,0,-1,0,0,-1,0,0,-1,0,0,-1,0,0,-1,0,0,-1,0,0,0,0,0,0,0,0,0,0,-1,0,0,0,-1,-1,-1,0,1,0,[0|0|0|0|0|0|0|0|0],0,0,0,0,0,0,0,0,0,0,0,0,0,0,0,0,
98,,1,0,[0|0|0],0,0,150,999,0,0,0,0,0,0,0,0,1,0,0,[0],0,0,30,8,0,[0],47.06,884.02,8.12,300800,0,73008,-1,0,0,-1,0,0,-1,0,0,-1,0,0,-1,0,0,-1,0,0,-1,0,0,0,0,0,0,0,0,0,0,-1,0,0,0,-1,-1,-1,0,1,0,[0|0|0|0|0|0|0|0|0],0,0,0,0,0,0,0,0,0,0,0,0,0,0,0,0,
99,,1,0,[0|0|0],0,0,150,999,0,0,0,0,0,0,0,0,1,0,0,[0],0,0,30,9,0,[0],104.56,902.59,15.69,300900,0,73009,-1,0,0,-1,0,0,-1,0,0,-1,0,0,-1,0,0,-1,0,0,-1,0,0,0,0,0,0,0,0,0,0,-1,0,0,0,-1,-1,-1,0,1,0,[0|0|0|0|0|0|0|0|0],0,0,0,0,0,0,0,0,0,0,0,0,0,0,0,0,
100,,1,0,[0|0|0],0,0,150,999,0,0,0,0,0,0,0,0,1,0,0,[0],0,0,30,10,0,[0],62.54,952.82,137.72,301000,0,73010,-1,0,0,-1,0,0,-1,0,0,-1,0,0,-1,0,0,-1,0,0,-1,0,0,0,0,0,0,0,0,0,0,-1,0,0,0,-1,-1,-1,0,1,0,[0|0|0|0|0|0|0|0|0],0,0,0,0,0,0,0,0,0,0,0,0,0,0,0,0,
101,,1,0,[0|0|0],0,0,150,999,0,0,0,0,0,0,0,0,1,0,0,[0],0,0,30,11,0,[0],-86.12,192.79,30.18,301100,0,73011,-1,0,0,-1,0,0,-1,0,0,-1,0,0,-1,0,0,-1,0,0,-1,0,0,0,0,0,0,0,0,0,0,-1,0,0,0,-1,-1,-1,0,1,0,[0|0|0|0|0|0|0|0|0],0,0,0,0,0,0,0,0,0,0,0,0,0,0,0,0,
102,,1,0,[0|0|0],0,0,150,999,0,0,0,0,0,0,0,0,1,0,0,[0],0,0,30,12,0,[0],-39.03,653.62,105.44,301200,0,73012,-1,0,0,-1,0,0,-1,0,0,-1,0,0,-1,0,0,-1,0,0,-1,0,0,0,0,0,0,0,0,0,0,-1,0,0,0,-1,-1,-1,0,1,0,[0|0|0|0|0|0|0|0|0],0,0,0,0,0,0,0,0,0,0,0,0,0,0,0,0,
103,,1,0,[0|0|0],0,0,150,999,0,0,0,0,0,0,0,0,1,0,0,[0],0,0,30,13,0,[0],102.75,969.71,25.77,301300,0,73013,-1,0,0,-1,0,0,-1,0,0,-1,0,0,-1,0,0,-1,0,0,-1,0,0,0,0,0,0,0,0,0,0,-1,0,0,0,-1,-1,-1,0,1,0,[0|0|0|0|0|0|0|0|0],0,0,0,0,0,0,0,0,0,0,0,0,0,0,0,0,
104,,1,0,[0|0|0],0,0,150,999,0,0,0,0,0,0,0,0,1,0,0,[0],0,0,30,14,0,[0],-54.48,123.36,67.589,301400,0,73014,-1,0,0,-1,0,0,-1,0,0,-1,0,0,-1,0,0,-1,0,0,-1,0,0,0,0,0,0,0,0,0,0,-1,0,0,0,-1,-1,-1,0,1,0,[0|0|0|0|0|0|0|0|0],0,0,0,0,0,0,0,0,0,0,0,0,0,0,0,0,
105,,1,0,[0|0|0],0,0,150,999,0,0,0,0,0,0,0,0,1,0,0,[0],0,0,30,15,0,[0],90.19,54.51,69.13,301500,0,73015,-1,0,0,-1,0,0,-1,0,0,-1,0,0,-1,0,0,-1,0,0,-1,0,0,0,0,0,0,0,0,0,0,-1,0,0,0,-1,-1,-1,0,1,0,[0|0|0|0|0|0|0|0|0],0,0,0,0,0,0,0,0,0,0,0,0,0,0,0,0,
106,,1,0,[0|0|0],0,0,150,999,0,0,0,0,0,0,0,0,1,0,0,[0],0,0,30,16,0,[0],37.72,5.19,-134.68,301600,0,73016,-1,0,0,-1,0,0,-1,0,0,-1,0,0,-1,0,0,-1,0,0,-1,0,0,0,0,0,0,0,0,0,0,-1,0,0,0,-1,-1,-1,0,1,0,[0|0|0|0|0|0|0|0|0],0,0,0,0,0,0,0,0,0,0,0,0,0,0,0,0,
107,,1,0,[0|0|0],0,0,150,999,0,0,0,0,0,0,0,0,1,0,0,[0],0,0,60,50,53,[0],-118.56,1511.76,120.04,301700,0,73017,-1,0,0,-1,0,0,-1,0,0,-1,0,0,-1,0,0,-1,0,0,-1,0,0,0,0,0,0,0,0,0,0,-1,0,0,0,-1,-1,-1,0,1,0,[0|0|0|0|0|0|0|0|0],0,0,0,0,0,0,0,0,0,0,0,0,0,0,0,0,
108,,1,0,[0|0|0],0,0,150,999,0,0,0,0,0,0,0,0,1,0,0,[0],0,0,60,50,53,[0],26.16,1577.71,109.34,301800,0,73018,-1,0,0,-1,0,0,-1,0,0,-1,0,0,-1,0,0,-1,0,0,-1,0,0,0,0,0,0,0,0,0,0,-1,0,0,0,-1,-1,-1,0,1,0,[0|0|0|0|0|0|0|0|0],0,0,0,0,0,0,0,0,0,0,0,0,0,0,0,0,
109,,1,0,[0|0|0],0,0,150,999,0,0,0,0,0,0,0,0,1,0,0,[0],0,0,60,50,55,[0],-69.57,1360.01,-86.39,301900,0,73019,-1,0,0,-1,0,0,-1,0,0,-1,0,0,-1,0,0,-1,0,0,-1,0,0,0,0,0,0,0,0,0,0,-1,0,0,0,-1,-1,-1,0,1,0,[0|0|0|0|0|0|0|0|0],0,0,0,0,0,0,0,0,0,0,0,0,0,0,0,0,
110,,1,0,[0|0|0],0,0,150,999,0,0,0,0,0,0,0,0,1,0,0,[0],0,0,30,20,0,[0],-105.12,1338.62,-122.7,302000,0,73020,-1,0,0,-1,0,0,-1,0,0,-1,0,0,-1,0,0,-1,0,0,-1,0,0,0,0,0,0,0,0,0,0,-1,0,0,0,-1,-1,-1,0,1,0,[0|0|0|0|0|0|0|0|0],0,0,0,0,0,0,0,0,0,0,0,0,0,0,0,0,
111,,1,0,[0|0|0],0,0,150,999,0,0,0,0,0,0,0,0,1,0,0,[0],0,0,60,43,37,[0],75.24,62.93,61.08,310000,0,73100,-1,0,0,-1,0,0,-1,0,0,-1,0,0,-1,0,0,-1,0,0,-1,0,0,0,0,0,0,0,0,0,0,-1,0,0,0,-1,-1,-1,0,1,0,[0|0|0|0|0|0|0|0|0],0,0,0,0,0,0,0,0,0,0,0,0,0,0,0,0,
112,,1,0,[0|0|0],0,0,150,999,0,0,0,0,0,0,0,0,1,0,0,[0],0,0,31,1,0,[0],-103.2,-1.15,-40.21,310100,0,73101,-1,0,0,-1,0,0,-1,0,0,-1,0,0,-1,0,0,-1,0,0,-1,0,0,0,0,0,0,0,0,0,0,-1,0,0,0,-1,-1,-1,0,1,0,[0|0|0|0|0|0|0|0|0],0,0,0,0,0,0,0,0,0,0,0,0,0,0,0,0,
113,,1,0,[0|0|0],0,0,150,999,0,0,0,0,0,0,0,0,1,0,0,[0],0,0,60,42,33,[0],-114.11,6.66,31.25,310200,0,73102,-1,0,0,-1,0,0,-1,0,0,-1,0,0,-1,0,0,-1,0,0,-1,0,0,0,0,0,0,0,0,0,0,-1,0,0,0,-1,-1,-1,0,1,0,[0|0|0|0|0|0|0|0|0],0,0,0,0,0,0,0,0,0,0,0,0,0,0,0,0,
114,,1,0,[0|0|0],0,0,150,999,0,0,0,0,0,0,0,0,1,0,0,[0],0,0,31,3,0,[0],-59.563,110.818,-11.039,310300,0,73103,-1,0,0,-1,0,0,-1,0,0,-1,0,0,-1,0,0,-1,0,0,-1,0,0,0,0,0,0,0,0,0,0,-1,0,0,0,-1,-1,-1,0,1,0,[0|0|0|0|0|0|0|0|0],0,0,0,0,0,0,0,0,0,0,0,0,0,0,0,0,
115,,1,0,[0|0|0],0,0,150,999,0,0,0,0,0,0,0,0,1,0,0,[0],0,0,31,4,0,[0],14.54,237.31,-38.15,310400,0,73104,-1,0,0,-1,0,0,-1,0,0,-1,0,0,-1,0,0,-1,0,0,-1,0,0,0,0,0,0,0,0,0,0,-1,0,0,0,-1,-1,-1,0,1,0,[0|0|0|0|0|0|0|0|0],0,0,0,0,0,0,0,0,0,0,0,0,0,0,0,0,
116,,1,0,[0|0|0],0,0,150,999,0,0,0,0,0,0,0,0,1,0,0,[0],0,0,31,5,0,[0],-116.13,225.58,-4.21,310500,0,73105,-1,0,0,-1,0,0,-1,0,0,-1,0,0,-1,0,0,-1,0,0,-1,0,0,0,0,0,0,0,0,0,0,-1,0,0,0,-1,-1,-1,0,1,0,[0|0|0|0|0|0|0|0|0],0,0,0,0,0,0,0,0,0,0,0,0,0,0,0,0,
117,,1,0,[0|0|0],0,0,150,999,0,0,0,0,0,0,0,0,1,0,0,[0],0,0,31,6,0,[0],72.96,236.39,120.51,310600,0,73106,-1,0,0,-1,0,0,-1,0,0,-1,0,0,-1,0,0,-1,0,0,-1,0,0,0,0,0,0,0,0,0,0,-1,0,0,0,-1,-1,-1,0,1,0,[0|0|0|0|0|0|0|0|0],0,0,0,0,0,0,0,0,0,0,0,0,0,0,0,0,
118,,1,0,[0|0|0],0,0,150,999,0,0,0,0,0,0,0,0,1,0,0,[0],0,0,31,7,0,[0],-9.09,799.94,141.35,310700,0,73107,-1,0,0,-1,0,0,-1,0,0,-1,0,0,-1,0,0,-1,0,0,-1,0,0,0,0,0,0,0,0,0,0,-1,0,0,0,-1,-1,-1,0,1,0,[0|0|0|0|0|0|0|0|0],0,0,0,0,0,0,0,0,0,0,0,0,0,0,0,0,
119,,1,0,[0|0|0],0,0,150,999,0,0,0,0,0,0,0,0,1,0,0,[0],0,0,31,9,0,[0],-67.26,1033.42,-60.25,310900,0,73109,-1,0,0,-1,0,0,-1,0,0,-1,0,0,-1,0,0,-1,0,0,-1,0,0,0,0,0,0,0,0,0,0,-1,0,0,0,-1,-1,-1,0,1,0,[0|0|0|0|0|0|0|0|0],0,0,0,0,0,0,0,0,0,0,0,0,0,0,0,0,
120,,1,0,[0|0|0],0,0,150,999,0,0,0,0,0,0,0,0,1,0,0,[0],0,0,31,10,0,[0],2.75,160.52,84.72,311000,0,73110,-1,0,0,-1,0,0,-1,0,0,-1,0,0,-1,0,0,-1,0,0,-1,0,0,0,0,0,0,0,0,0,0,-1,0,0,0,-1,-1,-1,0,1,0,[0|0|0|0|0|0|0|0|0],0,0,0,0,0,0,0,0,0,0,0,0,0,0,0,0,
121,,1,0,[0|0|0],0,0,150,999,0,0,0,0,0,0,0,0,1,0,0,[0],0,0,31,11,0,[0],127.07,207.59,63.94,311100,0,73111,-1,0,0,-1,0,0,-1,0,0,-1,0,0,-1,0,0,-1,0,0,-1,0,0,0,0,0,0,0,0,0,0,-1,0,0,0,-1,-1,-1,0,1,0,[0|0|0|0|0|0|0|0|0],0,0,0,0,0,0,0,0,0,0,0,0,0,0,0,0,
122,,1,0,[0|0|0],0,0,150,999,0,0,0,0,0,0,0,0,1,0,0,[0],0,0,31,12,0,[0],-54.88,1254.82,43.99,311200,0,73112,-1,0,0,-1,0,0,-1,0,0,-1,0,0,-1,0,0,-1,0,0,-1,0,0,0,0,0,0,0,0,0,0,-1,0,0,0,-1,-1,-1,0,1,0,[0|0|0|0|0|0|0|0|0],0,0,0,0,0,0,0,0,0,0,0,0,0,0,0,0,
123,,1,0,[0|0|0],0,0,150,999,0,0,0,0,0,0,0,0,1,0,0,[0],0,0,31,15,0,[0],48.107,-0.332,-41.907,311500,0,73115,-1,0,0,-1,0,0,-1,0,0,-1,0,0,-1,0,0,-1,0,0,-1,0,0,0,0,0,0,0,0,0,0,-1,0,0,0,-1,-1,-1,0,1,0,[0|0|0|0|0|0|0|0|0],0,0,0,0,0,0,0,0,0,0,0,0,0,0,0,0,
124,,1,0,[0|0|0],0,0,150,999,0,0,0,0,0,0,0,0,1,0,0,[0],0,0,31,17,0,[0],60.07,96.45,96.4,311700,0,73117,-1,0,0,-1,0,0,-1,0,0,-1,0,0,-1,0,0,-1,0,0,-1,0,0,0,0,0,0,0,0,0,0,-1,0,0,0,-1,-1,-1,0,1,0,[0|0|0|0|0|0|0|0|0],0,0,0,0,0,0,0,0,0,0,0,0,0,0,0,0,
125,,1,0,[0|0|0],0,0,150,999,0,0,0,0,0,0,0,0,1,0,0,[0],0,0,31,18,0,[0],49.48,838.13,23.11,311800,0,73118,-1,0,0,-1,0,0,-1,0,0,-1,0,0,-1,0,0,-1,0,0,-1,0,0,0,0,0,0,0,0,0,0,-1,0,0,0,-1,-1,-1,0,1,0,[0|0|0|0|0|0|0|0|0],0,0,0,0,0,0,0,0,0,0,0,0,0,0,0,0,
126,,1,0,[0|0|0],0,0,150,999,0,0,0,0,0,0,0,0,1,0,0,[0],0,0,31,19,0,[0],101.29,654.73,-55.79,311900,0,73119,-1,0,0,-1,0,0,-1,0,0,-1,0,0,-1,0,0,-1,0,0,-1,0,0,0,0,0,0,0,0,0,0,-1,0,0,0,-1,-1,-1,0,1,0,[0|0|0|0|0|0|0|0|0],0,0,0,0,0,0,0,0,0,0,0,0,0,0,0,0,
127,,1,0,[0|0|0],0,0,150,999,0,0,0,0,0,0,0,0,1,0,0,[0],0,0,31,20,0,[0],137.79,127.62,42.44,312000,0,73120,-1,0,0,-1,0,0,-1,0,0,-1,0,0,-1,0,0,-1,0,0,-1,0,0,0,0,0,0,0,0,0,0,-1,0,0,0,-1,-1,-1,0,1,0,[0|0|0|0|0|0|0|0|0],0,0,0,0,0,0,0,0,0,0,0,0,0,0,0,0,
128,,1,0,[0|0|0],0,0,150,999,0,0,0,0,0,0,0,0,1,0,0,[0],0,0,31,21,0,[0],-64.32,87.81,33.87,312100,0,73121,-1,0,0,-1,0,0,-1,0,0,-1,0,0,-1,0,0,-1,0,0,-1,0,0,0,0,0,0,0,0,0,0,-1,0,0,0,-1,-1,-1,0,1,0,[0|0|0|0|0|0|0|0|0],0,0,0,0,0,0,0,0,0,0,0,0,0,0,0,0,
129,,1,0,[0|0|0],0,0,150,999,0,0,0,0,0,0,0,0,1,0,0,[0],0,0,60,53,56,[0],-38.33,1626.26,114.54,312200,0,73122,-1,0,0,-1,0,0,-1,0,0,-1,0,0,-1,0,0,-1,0,0,-1,0,0,0,0,0,0,0,0,0,0,-1,0,0,0,-1,-1,-1,0,1,0,[0|0|0|0|0|0|0|0|0],0,0,0,0,0,0,0,0,0,0,0,0,0,0,0,0,
130,,1,0,[0|0|0],0,0,150,999,0,0,0,0,0,0,0,0,1,0,0,[0],0,0,32,0,0,[0],36.14,27.87,-69.91,320000,0,73200,-1,0,0,-1,0,0,-1,0,0,-1,0,0,-1,0,0,-1,0,0,-1,0,0,0,0,0,0,0,0,0,0,-1,0,0,0,-1,-1,-1,0,1,0,[0|0|0|0|0|0|0|0|0],0,0,0,0,0,0,0,0,0,0,0,0,0,0,0,0,
131,,1,0,[0|0|0],0,0,150,999,0,0,0,0,0,0,0,0,1,0,0,[0],0,0,60,43,37,[0],-121.7,66.61,-34.93,320100,0,73201,-1,0,0,-1,0,0,-1,0,0,-1,0,0,-1,0,0,-1,0,0,-1,0,0,0,0,0,0,0,0,0,0,-1,0,0,0,-1,-1,-1,0,1,0,[0|0|0|0|0|0|0|0|0],0,0,0,0,0,0,0,0,0,0,0,0,0,0,0,0,
132,,1,0,[0|0|0],0,0,150,999,0,0,0,0,0,0,0,0,1,0,0,[0],0,0,60,37,47,[0],-111.98,242.98,16.29,320200,0,73202,-1,0,0,-1,0,0,-1,0,0,-1,0,0,-1,0,0,-1,0,0,-1,0,0,0,0,0,0,0,0,0,0,-1,0,0,0,-1,-1,-1,0,1,0,[0|0|0|0|0|0|0|0|0],0,0,0,0,0,0,0,0,0,0,0,0,0,0,0,0,
133,,1,0,[0|0|0],0,0,150,999,0,0,0,0,0,0,0,0,1,0,0,[0],0,0,60,38,53,[0],87.74,732.33,-114.49,320400,0,73204,-1,0,0,-1,0,0,-1,0,0,-1,0,0,-1,0,0,-1,0,0,-1,0,0,0,0,0,0,0,0,0,0,-1,0,0,0,-1,-1,-1,0,1,0,[0|0|0|0|0|0|0|0|0],0,0,0,0,0,0,0,0,0,0,0,0,0,0,0,0,
134,,1,0,[0|0|0],0,0,150,999,0,0,0,0,0,0,0,0,1,0,0,[0],0,0,32,5,0,[0],-52.26,814,40.72,320500,0,73205,-1,0,0,-1,0,0,-1,0,0,-1,0,0,-1,0,0,-1,0,0,-1,0,0,0,0,0,0,0,0,0,0,-1,0,0,0,-1,-1,-1,0,1,0,[0|0|0|0|0|0|0|0|0],0,0,0,0,0,0,0,0,0,0,0,0,0,0,0,0,
135,,1,0,[0|0|0],0,0,150,999,0,0,0,0,0,0,0,0,1,0,0,[0],0,0,60,46,39,[0],61.21,150.66,40.33,320700,0,73207,-1,0,0,-1,0,0,-1,0,0,-1,0,0,-1,0,0,-1,0,0,-1,0,0,0,0,0,0,0,0,0,0,-1,0,0,0,-1,-1,-1,0,1,0,[0|0|0|0|0|0|0|0|0],0,0,0,0,0,0,0,0,0,0,0,0,0,0,0,0,
136,,1,0,[0|0|0],0,0,150,999,0,0,0,0,0,0,0,0,1,0,0,[0],0,0,32,7,0,[0],-34.2,90.64,113.05,320701,0,73257,-1,0,0,-1,0,0,-1,0,0,-1,0,0,-1,0,0,-1,0,0,-1,0,0,0,0,0,0,0,0,0,0,-1,0,0,0,-1,-1,-1,0,1,0,[0|0|0|0|0|0|0|0|0],0,0,0,0,0,0,0,0,0,0,0,0,0,0,0,0,
137,,1,0,[0|0|0],0,0,150,999,0,0,0,0,0,0,0,0,1,0,0,[0],0,0,32,8,0,[0],18.43,86.42,110.58,320800,0,73208,-1,0,0,-1,0,0,-1,0,0,-1,0,0,-1,0,0,-1,0,0,-1,0,0,0,0,0,0,0,0,0,0,-1,0,0,0,-1,-1,-1,0,1,0,[0|0|0|0|0|0|0|0|0],0,0,0,0,0,0,0,0,0,0,0,0,0,0,0,0,
138,,1,0,[0|0|0],0,0,150,999,0,0,0,0,0,0,0,0,1,0,0,[0],0,0,60,47,55,[0],45.93,1258.75,-61.04,321100,0,73211,-1,0,0,-1,0,0,-1,0,0,-1,0,0,-1,0,0,-1,0,0,-1,0,0,0,0,0,0,0,0,0,0,-1,0,0,0,-1,-1,-1,0,1,0,[0|0|0|0|0|0|0|0|0],0,0,0,0,0,0,0,0,0,0,0,0,0,0,0,0,
139,,1,0,[0|0|0],0,0,150,999,0,0,0,0,0,0,0,0,1,0,0,[0],0,0,34,10,0,[0],-62.05,38.41,131.87,341000,0,73410,-1,0,0,-1,0,0,-1,0,0,-1,0,0,-1,0,0,-1,0,0,-1,0,0,0,0,0,0,0,0,0,0,-1,0,0,0,-1,-1,-1,0,1,0,[0|0|0|0|0|0|0|0|0],0,0,0,0,0,0,0,0,0,0,0,0,0,0,0,0,
140,,1,0,[0|0|0],0,0,150,999,0,0,0,0,0,0,0,0,1,0,0,[0],0,0,34,10,0,[0],932.09,340.91,604.25,341002,0,73412,-1,0,0,-1,0,0,-1,0,0,-1,0,0,-1,0,0,-1,0,0,-1,0,0,0,0,0,0,0,0,0,0,-1,0,0,0,-1,-1,-1,0,1,0,[0|0|0|0|0|0|0|0|0],0,0,0,0,0,0,0,0,0,0,0,0,0,0,0,0,
141,,1,0,[0|0|0],0,0,150,999,0,0,0,0,0,0,0,0,1,0,0,[0],0,0,34,11,0,[0],-12.2,-157.94,69.27,341100,0,73420,-1,0,0,-1,0,0,-1,0,0,-1,0,0,-1,0,0,-1,0,0,-1,0,0,0,0,0,0,0,0,0,0,-1,0,0,0,-1,-1,-1,0,1,0,[0|0|0|0|0|0|0|0|0],0,0,0,0,0,0,0,0,0,0,0,0,0,0,0,0,
142,,1,0,[0|0|0],0,0,150,999,0,0,0,0,0,0,0,0,1,0,0,[0],0,0,34,11,0,[0],53.29,-5,14.91,341101,0,73421,-1,0,0,-1,0,0,-1,0,0,-1,0,0,-1,0,0,-1,0,0,-1,0,0,0,0,0,0,0,0,0,0,-1,0,0,0,-1,-1,-1,0,1,0,[0|0|0|0|0|0|0|0|0],0,0,0,0,0,0,0,0,0,0,0,0,0,0,0,0,
143,,1,0,[0|0|0],0,0,150,999,0,0,0,0,0,0,0,0,1,0,0,[0],0,0,34,11,0,[0],453.77,288.4,79.97,341102,0,73422,-1,0,0,-1,0,0,-1,0,0,-1,0,0,-1,0,0,-1,0,0,-1,0,0,0,0,0,0,0,0,0,0,-1,0,0,0,-1,-1,-1,0,1,0,[0|0|0|0|0|0|0|0|0],0,0,0,0,0,0,0,0,0,0,0,0,0,0,0,0,
144,,1,0,[0|0|0],0,0,150,999,0,0,0,0,0,0,0,0,1,0,0,[0],0,0,34,12,0,[0],-47.81,991.39,-350.04,341200,0,73430,-1,0,0,-1,0,0,-1,0,0,-1,0,0,-1,0,0,-1,0,0,-1,0,0,0,0,0,0,0,0,0,0,-1,0,0,0,-1,-1,-1,0,1,0,[0|0|0|0|0|0|0|0|0],0,0,0,0,0,0,0,0,0,0,0,0,0,0,0,0,
145,,1,0,[0|0|0],0,0,150,999,0,0,0,0,0,0,0,0,1,0,0,[0],0,0,60,43,50,[0],-66.6,809.01,35.73,341201,0,73431,-1,0,0,-1,0,0,-1,0,0,-1,0,0,-1,0,0,-1,0,0,-1,0,0,0,0,0,0,0,0,0,0,-1,0,0,0,-1,-1,-1,0,1,0,[0|0|0|0|0|0|0|0|0],0,0,0,0,0,0,0,0,0,0,0,0,0,0,0,0,
146,,1,0,[0|0|0],0,0,150,999,0,0,0,0,0,0,0,0,1,0,0,[0],0,0,34,12,0,[0],-43.57,704.64,-237.58,341202,0,73432,-1,0,0,-1,0,0,-1,0,0,-1,0,0,-1,0,0,-1,0,0,-1,0,0,0,0,0,0,0,0,0,0,-1,0,0,0,-1,-1,-1,0,1,0,[0|0|0|0|0|0|0|0|0],0,0,0,0,0,0,0,0,0,0,0,0,0,0,0,0,
147,,1,0,[0|0|0],0,0,150,999,0,0,0,0,0,0,0,0,1,0,0,[0],0,0,34,13,0,[0],87.68,47.31,-24.19,341301,0,73440,-1,0,0,-1,0,0,-1,0,0,-1,0,0,-1,0,0,-1,0,0,-1,0,0,0,0,0,0,0,0,0,0,-1,0,0,0,-1,-1,-1,0,1,0,[0|0|0|0|0|0|0|0|0],0,0,0,0,0,0,0,0,0,0,0,0,0,0,0,0,
148,,1,0,[0|0|0],0,0,150,999,0,0,0,0,0,0,0,0,1,0,0,[0],0,0,34,13,0,[0],75.945,259.315,-7.197,341302,0,73441,-1,0,0,-1,0,0,-1,0,0,-1,0,0,-1,0,0,-1,0,0,-1,0,0,0,0,0,0,0,0,0,0,-1,0,0,0,-1,-1,-1,0,1,0,[0|0|0|0|0|0|0|0|0],0,0,0,0,0,0,0,0,0,0,0,0,0,0,0,0,
149,,1,0,[0|0|0],0,0,150,999,0,0,0,0,0,0,0,0,1,0,0,[0],0,0,34,14,0,[0],602.67,26.51,-489.58,341400,0,73450,-1,0,0,-1,0,0,-1,0,0,-1,0,0,-1,0,0,-1,0,0,-1,0,0,0,0,0,0,0,0,0,0,-1,0,0,0,-1,-1,-1,0,1,0,[0|0|0|0|0|0|0|0|0],0,0,0,0,0,0,0,0,0,0,0,0,0,0,0,0,
150,,1,0,[0|0|0],0,0,150,999,0,0,0,0,0,0,0,0,1,0,0,[0],0,0,34,14,0,[0],625.03,330.74,-549.95,341401,0,73451,-1,0,0,-1,0,0,-1,0,0,-1,0,0,-1,0,0,-1,0,0,-1,0,0,0,0,0,0,0,0,0,0,-1,0,0,0,-1,-1,-1,0,1,0,[0|0|0|0|0|0|0|0|0],0,0,0,0,0,0,0,0,0,0,0,0,0,0,0,0,
151,,1,0,[0|0|0],0,0,150,999,0,0,0,0,0,0,0,0,1,0,0,[0],0,0,34,15,0,[0],-5.07,291.82,-26.56,341500,0,73460,-1,0,0,-1,0,0,-1,0,0,-1,0,0,-1,0,0,-1,0,0,-1,0,0,0,0,0,0,0,0,0,0,-1,0,0,0,-1,-1,-1,0,1,0,[0|0|0|0|0|0|0|0|0],0,0,0,0,0,0,0,0,0,0,0,0,0,0,0,0,
152,,1,0,[0|0|0],0,0,150,999,0,0,0,0,0,0,0,0,1,0,0,[0],0,0,35,0,0,[0],74.374,-298.535,-80.598,350000,35000800,73500,-1,0,0,-1,0,0,-1,0,0,-1,0,0,-1,0,0,-1,0,0,-1,0,0,0,0,0,0,0,0,0,0,-1,0,0,0,-1,-1,-1,0,1,0,[0|0|0|0|0|0|0|0|0],0,0,0,0,0,0,0,0,0,0,0,0,0,0,0,0,
153,,1,0,[0|0|0],0,0,150,999,0,0,0,0,0,0,0,0,1,0,0,[0],0,0,35,0,0,[0],-147.44,-98.54,-165.97,350001,0,73501,-1,0,0,-1,0,0,-1,0,0,-1,0,0,-1,0,0,-1,0,0,-1,0,0,0,0,0,0,0,0,0,0,-1,0,0,0,-1,-1,-1,0,1,0,[0|0|0|0|0|0|0|0|0],0,0,0,0,0,0,0,0,0,0,0,0,0,0,0,0,
154,,1,0,[0|0|0],0,0,150,999,0,0,0,0,0,0,0,0,1,0,0,[0],0,0,35,0,0,[0],-49.381,-279.05,-152.096,350002,0,73502,-1,0,0,-1,0,0,-1,0,0,-1,0,0,-1,0,0,-1,0,0,-1,0,0,0,0,0,0,0,0,0,0,-1,0,0,0,-1,-1,-1,0,1,0,[0|0|0|0|0|0|0|0|0],0,0,0,0,0,0,0,0,0,0,0,0,0,0,0,0,
155,,1,0,[0|0|0],0,0,150,999,0,0,0,0,0,0,0,0,1,0,0,[0],0,0,35,0,0,[0],-138.835,-143.74,-242.308,350003,0,73503,-1,0,0,-1,0,0,-1,0,0,-1,0,0,-1,0,0,-1,0,0,-1,0,0,0,0,0,0,0,0,0,0,-1,0,0,0,-1,-1,-1,0,1,0,[0|0|0|0|0|0|0|0|0],0,0,0,0,0,0,0,0,0,0,0,0,0,0,0,0,
156,,1,0,[0|0|0],0,0,150,999,0,0,0,0,0,0,0,0,1,0,0,[0],0,0,35,0,0,[0],126.051,-408.535,-63.331,350004,0,73504,-1,0,0,-1,0,0,-1,0,0,-1,0,0,-1,0,0,-1,0,0,-1,0,0,0,0,0,0,0,0,0,0,-1,0,0,0,-1,-1,-1,0,1,0,[0|0|0|0|0|0|0|0|0],0,0,0,0,0,0,0,0,0,0,0,0,0,0,0,0,
157,,1,0,[0|0|0],0,0,150,999,0,0,0,0,0,0,0,0,1,0,0,[0],0,0,39,20,0,[0],-124.22,353.51,-1298.06,390000,39200800,73900,-1,0,0,-1,0,0,-1,0,0,-1,0,0,-1,0,0,-1,0,0,-1,0,0,0,0,0,0,0,0,0,0,-1,0,0,0,-1,-1,-1,0,1,0,[0|0|0|0|0|0|0|0|0],0,0,0,0,0,0,0,0,0,0,0,0,0,0,0,0,
158,,1,0,[0|0|0],0,0,150,999,0,0,0,0,0,0,0,0,1,0,0,[0],0,0,39,20,0,[0],91.34,239.17,-1312.03,390001,0,73901,-1,0,0,-1,0,0,-1,0,0,-1,0,0,-1,0,0,-1,0,0,-1,0,0,0,0,0,0,0,0,0,0,-1,0,0,0,-1,-1,-1,0,1,0,[0|0|0|0|0|0|0|0|0],0,0,0,0,0,0,0,0,0,0,0,0,0,0,0,0,
159,,1,0,[0|0|0],0,0,150,999,0,0,0,0,0,0,0,0,1,0,0,[0],0,0,39,20,0,[0],-13.26,350.44,-1345.3,390002,0,73902,-1,0,0,-1,0,0,-1,0,0,-1,0,0,-1,0,0,-1,0,0,-1,0,0,0,0,0,0,0,0,0,0,-1,0,0,0,-1,-1,-1,0,1,0,[0|0|0|0|0|0|0|0|0],0,0,0,0,0,0,0,0,0,0,0,0,0,0,0,0,
160,,1,0,[0|0|0],0,0,150,999,0,0,0,0,0,0,0,0,1,0,0,[0],0,0,60,42,36,[0],-40.734,90.971,79.338,610000,0,76100,-1,0,0,-1,0,0,-1,0,0,-1,0,0,-1,0,0,-1,0,0,-1,0,0,0,0,0,0,0,0,0,0,-1,0,0,0,-1,-1,-1,0,1,0,[0|0|0|0|0|0|0|0|0],0,0,0,0,0,0,0,0,0,0,0,0,0,0,0,0,
161,,1,0,[0|0|0],0,0,150,999,0,0,0,0,0,0,0,0,1,0,0,[0],0,0,60,42,36,[0],-12.83,90.7,-54.5,610019,0,76101,-1,0,0,-1,0,0,-1,0,0,-1,0,0,-1,0,0,-1,0,0,-1,0,0,0,0,0,0,0,0,0,0,-1,0,0,0,-1,-1,-1,0,1,0,[0|0|0|0|0|0|0|0|0],0,0,0,0,0,0,0,0,0,0,0,0,0,0,0,0,
162,,1,0,[0|0|0],0,0,150,999,0,0,0,0,0,0,0,0,1,0,0,[0],0,0,60,41,38,[0],16.85,204.57,16.98,610001,0,76102,-1,0,0,-1,0,0,-1,0,0,-1,0,0,-1,0,0,-1,0,0,-1,0,0,0,0,0,0,0,0,0,0,-1,0,0,0,-1,-1,-1,0,1,0,[0|0|0|0|0|0|0|0|0],0,0,0,0,0,0,0,0,0,0,0,0,0,0,0,0,
163,,1,0,[0|0|0],0,0,150,999,0,0,0,0,0,0,0,0,1,0,0,[0],0,0,60,44,38,[0],-10.862,92.813,-20.382,610002,0,76103,-1,0,0,-1,0,0,-1,0,0,-1,0,0,-1,0,0,-1,0,0,-1,0,0,0,0,0,0,0,0,0,0,-1,0,0,0,-1,-1,-1,0,1,0,[0|0|0|0|0|0|0|0|0],0,0,0,0,0,0,0,0,0,0,0,0,0,0,0,0,
164,,1,0,[0|0|0],0,0,150,999,0,0,0,0,0,0,0,0,1,0,0,[0],0,0,60,46,38,[0],-101.583,3.483,71.813,610003,0,76104,-1,0,0,-1,0,0,-1,0,0,-1,0,0,-1,0,0,-1,0,0,-1,0,0,0,0,0,0,0,0,0,0,-1,0,0,0,-1,-1,-1,0,1,0,[0|0|0|0|0|0|0|0|0],0,0,0,0,0,0,0,0,0,0,0,0,0,0,0,0,
165,,1,0,[0|0|0],0,0,150,999,0,0,0,0,0,0,0,0,1,0,0,[0],0,0,60,45,36,[0],119.59,20.84,-43.99,610004,0,76105,-1,0,0,-1,0,0,-1,0,0,-1,0,0,-1,0,0,-1,0,0,-1,0,0,0,0,0,0,0,0,0,0,-1,0,0,0,-1,-1,-1,0,1,0,[0|0|0|0|0|0|0|0|0],0,0,0,0,0,0,0,0,0,0,0,0,0,0,0,0,
166,,1,0,[0|0|0],0,0,150,999,0,0,0,0,0,0,0,0,1,0,0,[0],0,0,60,44,35,[0],-38.24,74.57,47.26,610005,0,76106,-1,0,0,-1,0,0,-1,0,0,-1,0,0,-1,0,0,-1,0,0,-1,0,0,0,0,0,0,0,0,0,0,-1,0,0,0,-1,-1,-1,0,1,0,[0|0|0|0|0|0|0|0|0],0,0,0,0,0,0,0,0,0,0,0,0,0,0,0,0,
167,,1,0,[0|0|0],0,0,150,999,0,0,0,0,0,0,0,0,1,0,0,[0],0,0,60,43,37,[0],-80.05,88.81,56.1,610007,0,76108,-1,0,0,-1,0,0,-1,0,0,-1,0,0,-1,0,0,-1,0,0,-1,0,0,0,0,0,0,0,0,0,0,-1,0,0,0,-1,-1,-1,0,1,0,[0|0|0|0|0|0|0|0|0],0,0,0,0,0,0,0,0,0,0,0,0,0,0,0,0,
168,,1,0,[0|0|0],0,0,150,999,0,0,0,0,0,0,0,0,1,0,0,[0],0,0,60,41,35,[0],-54.55,26.77,-22.72,610008,0,76110,-1,0,0,-1,0,0,-1,0,0,-1,0,0,-1,0,0,-1,0,0,-1,0,0,0,0,0,0,0,0,0,0,-1,0,0,0,-1,-1,-1,0,1,0,[0|0|0|0|0|0|0|0|0],0,0,0,0,0,0,0,0,0,0,0,0,0,0,0,0,
169,,1,0,[0|0|0],0,0,150,999,0,0,0,0,0,0,0,0,1,0,0,[0],0,0,60,42,37,[0],13.61,110.65,110.21,610009,0,76111,-1,0,0,-1,0,0,-1,0,0,-1,0,0,-1,0,0,-1,0,0,-1,0,0,0,0,0,0,0,0,0,0,-1,0,0,0,-1,-1,-1,0,1,0,[0|0|0|0|0|0|0|0|0],0,0,0,0,0,0,0,0,0,0,0,0,0,0,0,0,
170,,1,0,[0|0|0],0,0,150,999,0,0,0,0,0,0,0,0,1,0,0,[0],0,0,60,43,35,[0],-16.72,67.75,50.08,610011,0,76113,-1,0,0,-1,0,0,-1,0,0,-1,0,0,-1,0,0,-1,0,0,-1,0,0,0,0,0,0,0,0,0,0,-1,0,0,0,-1,-1,-1,0,1,0,[0|0|0|0|0|0|0|0|0],0,0,0,0,0,0,0,0,0,0,0,0,0,0,0,0,
171,,1,0,[0|0|0],0,0,150,999,0,0,0,0,0,0,0,0,1,0,0,[0],0,0,60,44,37,[0],122.2,26.18,108.18,610012,0,76114,-1,0,0,-1,0,0,-1,0,0,-1,0,0,-1,0,0,-1,0,0,-1,0,0,0,0,0,0,0,0,0,0,-1,0,0,0,-1,-1,-1,0,1,0,[0|0|0|0|0|0|0|0|0],0,0,0,0,0,0,0,0,0,0,0,0,0,0,0,0,
172,,1,0,[0|0|0],0,0,150,999,0,0,0,0,0,0,0,0,1,0,0,[0],0,0,60,43,38,[0],110.53,86.99,-43.13,610014,0,76116,-1,0,0,-1,0,0,-1,0,0,-1,0,0,-1,0,0,-1,0,0,-1,0,0,0,0,0,0,0,0,0,0,-1,0,0,0,-1,-1,-1,0,1,0,[0|0|0|0|0|0|0|0|0],0,0,0,0,0,0,0,0,0,0,0,0,0,0,0,0,
173,,1,0,[0|0|0],0,0,150,999,0,0,0,0,0,0,0,0,1,0,0,[0],0,0,60,43,39,[0],20.2,157.11,0.87,610015,0,76117,-1,0,0,-1,0,0,-1,0,0,-1,0,0,-1,0,0,-1,0,0,-1,0,0,0,0,0,0,0,0,0,0,-1,0,0,0,-1,-1,-1,0,1,0,[0|0|0|0|0|0|0|0|0],0,0,0,0,0,0,0,0,0,0,0,0,0,0,0,0,
174,,1,0,[0|0|0],0,0,150,999,0,0,0,0,0,0,0,0,1,0,0,[0],0,0,60,42,38,[0],8.94,187.95,99.03,610017,0,76118,-1,0,0,-1,0,0,-1,0,0,-1,0,0,-1,0,0,-1,0,0,-1,0,0,0,0,0,0,0,0,0,0,-1,0,0,0,-1,-1,-1,0,1,0,[0|0|0|0|0|0|0|0|0],0,0,0,0,0,0,0,0,0,0,0,0,0,0,0,0,
175,,1,0,[0|0|0],0,0,150,999,0,0,0,0,0,0,0,0,1,0,0,[0],0,0,60,44,39,[0],122.75,101.38,-40.09,610016,0,76119,-1,0,0,-1,0,0,-1,0,0,-1,0,0,-1,0,0,-1,0,0,-1,0,0,0,0,0,0,0,0,0,0,-1,0,0,0,-1,-1,-1,0,1,0,[0|0|0|0|0|0|0|0|0],0,0,0,0,0,0,0,0,0,0,0,0,0,0,0,0,
176,,1,0,[0|0|0],0,0,150,999,0,0,0,0,0,0,0,0,1,0,0,[0],0,0,60,44,36,[0],15.3,80.9,32.01,610018,1044360800,76120,-1,0,0,-1,0,0,-1,0,0,-1,0,0,-1,0,0,-1,0,0,-1,0,0,0,0,0,0,0,0,0,0,-1,0,0,0,-1,-1,-1,0,1,0,[0|0|0|0|0|0|0|0|0],0,0,0,0,0,0,0,0,0,0,0,0,0,0,0,0,
177,,1,0,[0|0|0],0,0,150,999,0,0,0,0,0,0,0,0,1,0,0,[0],0,0,60,43,34,[0],-110.68,88.8,112.11,611012,0,76150,-1,0,0,-1,0,0,-1,0,0,-1,0,0,-1,0,0,-1,0,0,-1,0,0,0,0,0,0,0,0,0,0,-1,0,0,0,-1,-1,-1,0,1,0,[0|0|0|0|0|0|0|0|0],0,0,0,0,0,0,0,0,0,0,0,0,0,0,0,0,
178,,1,0,[0|0|0],0,0,799,999,0,0,0,0,0,0,0,0,1,0,0,[0],0,0,60,44,33,[0],81.25,43.31,-94.8,611001,0,76151,9245001,0,76151,-1,0,0,-1,0,0,-1,0,0,-1,0,0,-1,0,0,-1,0,0,0,0,0,0,0,0,0,0,-1,0,0,0,-1,-1,-1,0,1,0,[0|0|0|0|0|0|0|0|0],0,0,0,0,0,0,0,0,0,0,0,0,0,0,0,0,
179,,1,0,[0|0|0],0,0,150,999,0,0,0,0,0,0,0,0,1,0,0,[0],0,0,60,42,33,[0],77.19,31.55,-35.46,611002,0,76152,-1,0,0,-1,0,0,-1,0,0,-1,0,0,-1,0,0,-1,0,0,-1,0,0,0,0,0,0,0,0,0,0,-1,0,0,0,-1,-1,-1,0,1,0,[0|0|0|0|0|0|0|0|0],0,0,0,0,0,0,0,0,0,0,0,0,0,0,0,0,
180,,1,0,[0|0|0],0,0,150,999,0,0,0,0,0,0,0,0,1,0,0,[0],0,0,60,44,33,[0],-21.75,44.52,83.04,611003,0,76153,-1,0,0,-1,0,0,-1,0,0,-1,0,0,-1,0,0,-1,0,0,-1,0,0,0,0,0,0,0,0,0,0,-1,0,0,0,-1,-1,-1,0,1,0,[0|0|0|0|0|0|0|0|0],0,0,0,0,0,0,0,0,0,0,0,0,0,0,0,0,
181,,1,0,[0|0|0],0,0,150,999,0,0,0,0,0,0,0,0,1,0,0,[0],0,0,60,44,33,[0],-67.41,84.3,74.5,611004,0,76154,-1,0,0,-1,0,0,-1,0,0,-1,0,0,-1,0,0,-1,0,0,-1,0,0,0,0,0,0,0,0,0,0,-1,0,0,0,-1,-1,-1,0,1,0,[0|0|0|0|0|0|0|0|0],0,0,0,0,0,0,0,0,0,0,0,0,0,0,0,0,
182,,1,0,[0|0|0],0,0,150,999,0,0,0,0,0,0,0,0,1,0,0,[0],0,0,60,45,33,[0],-66.14,72.35,59.46,611005,0,76155,-1,0,0,-1,0,0,-1,0,0,-1,0,0,-1,0,0,-1,0,0,-1,0,0,0,0,0,0,0,0,0,0,-1,0,0,0,-1,-1,-1,0,1,0,[0|0|0|0|0|0|0|0|0],0,0,0,0,0,0,0,0,0,0,0,0,0,0,0,0,
183,,1,0,[0|0|0],0,0,799,999,0,0,0,0,0,0,0,0,1,0,0,[0],0,0,60,41,32,[0],2.64,0.74,109.86,611006,0,76156,9245000,0,76156,-1,0,0,-1,0,0,-1,0,0,-1,0,0,-1,0,0,-1,0,0,0,0,0,0,0,0,0,0,-1,0,0,0,-1,-1,-1,0,1,0,[0|0|0|0|0|0|0|0|0],0,0,0,0,0,0,0,0,0,0,0,0,0,0,0,0,
184,,1,0,[0|0|0],0,0,150,999,0,0,0,0,0,0,0,0,1,0,0,[0],0,0,60,44,34,[0],103.03,42.57,0.57,611007,0,76157,-1,0,0,-1,0,0,-1,0,0,-1,0,0,-1,0,0,-1,0,0,-1,0,0,0,0,0,0,0,0,0,0,-1,0,0,0,-1,-1,-1,0,1,0,[0|0|0|0|0|0|0|0|0],0,0,0,0,0,0,0,0,0,0,0,0,0,0,0,0,
185,,1,0,[0|0|0],0,0,150,999,0,0,0,0,0,0,0,0,1,0,0,[0],0,0,60,43,31,[0],104.4,14.26,-2.87,611008,0,76158,-1,0,0,-1,0,0,-1,0,0,-1,0,0,-1,0,0,-1,0,0,-1,0,0,0,0,0,0,0,0,0,0,-1,0,0,0,-1,-1,-1,0,1,0,[0|0|0|0|0|0|0|0|0],0,0,0,0,0,0,0,0,0,0,0,0,0,0,0,0,
186,,1,0,[0|0|0],0,0,150,999,0,0,0,0,0,0,0,0,1,0,0,[0],0,0,60,43,31,[0],38.31,108.55,-115.67,611009,0,76159,-1,0,0,-1,0,0,-1,0,0,-1,0,0,-1,0,0,-1,0,0,-1,0,0,0,0,0,0,0,0,0,0,-1,0,0,0,-1,-1,-1,0,1,0,[0|0|0|0|0|0|0|0|0],0,0,0,0,0,0,0,0,0,0,0,0,0,0,0,0,
187,,1,0,[0|0|0],0,0,150,999,0,0,0,0,0,0,0,0,1,0,0,[0],0,0,60,43,31,[0],16.89,11.75,-143.52,611010,0,76160,-1,0,0,-1,0,0,-1,0,0,-1,0,0,-1,0,0,-1,0,0,-1,0,0,0,0,0,0,0,0,0,0,-1,0,0,0,-1,-1,-1,0,1,0,[0|0|0|0|0|0|0|0|0],0,0,0,0,0,0,0,0,0,0,0,0,0,0,0,0,
188,,1,0,[0|0|0],0,0,150,999,0,0,0,0,0,0,0,0,1,0,0,[0],0,0,60,43,30,[0],-31.1,0.51,-12.64,611011,1043300800,76161,-1,0,0,-1,0,0,-1,0,0,-1,0,0,-1,0,0,-1,0,0,-1,0,0,0,0,0,0,0,0,0,0,-1,0,0,0,-1,-1,-1,0,1,0,[0|0|0|0|0|0|0|0|0],0,0,0,0,0,0,0,0,0,0,0,0,0,0,0,0,
189,,1,0,[0|0|0],0,0,150,999,0,0,0,0,0,0,0,0,1,0,0,[0],0,0,60,41,33,[0],53.79,32.64,65.57,611000,0,76162,-1,0,0,-1,0,0,-1,0,0,-1,0,0,-1,0,0,-1,0,0,-1,0,0,0,0,0,0,0,0,0,0,-1,0,0,0,-1,-1,-1,0,1,0,[0|0|0|0|0|0|0|0|0],0,0,0,0,0,0,0,0,0,0,0,0,0,0,0,0,
190,,1,0,[0|0|0],0,0,150,999,0,0,0,0,0,0,0,0,1,0,0,[0],0,0,60,39,40,[0],16.21,337.66,-71.12,620000,0,76200,-1,0,0,-1,0,0,-1,0,0,-1,0,0,-1,0,0,-1,0,0,-1,0,0,0,0,0,0,0,0,0,0,-1,0,0,0,-1,-1,-1,0,1,0,[0|0|0|0|0|0|0|0|0],0,0,0,0,0,0,0,0,0,0,0,0,0,0,0,0,
191,,1,0,[0|0|0],0,0,799,999,0,0,0,0,0,0,0,0,1,0,0,[0],0,0,60,38,40,[0],44.1,238.15,115.16,620001,0,76201,9245001,0,76201,-1,0,0,-1,0,0,-1,0,0,-1,0,0,-1,0,0,-1,0,0,0,0,0,0,0,0,0,0,-1,0,0,0,-1,-1,-1,0,1,0,[0|0|0|0|0|0|0|0|0],0,0,0,0,0,0,0,0,0,0,0,0,0,0,0,0,
192,,1,0,[0|0|0],0,0,150,999,0,0,0,0,0,0,0,0,1,0,0,[0],0,0,60,38,41,[0],-79.03,237.38,76.52,620002,0,76202,-1,0,0,-1,0,0,-1,0,0,-1,0,0,-1,0,0,-1,0,0,-1,0,0,0,0,0,0,0,0,0,0,-1,0,0,0,-1,-1,-1,0,1,0,[0|0|0|0|0|0|0|0|0],0,0,0,0,0,0,0,0,0,0,0,0,0,0,0,0,
193,,1,0,[0|0|0],0,0,150,999,0,0,0,0,0,0,0,0,1,0,0,[0],0,0,60,37,42,[0],-98.21,249.63,24.97,620003,0,76203,-1,0,0,-1,0,0,-1,0,0,-1,0,0,-1,0,0,-1,0,0,-1,0,0,0,0,0,0,0,0,0,0,-1,0,0,0,-1,-1,-1,0,1,0,[0|0|0|0|0|0|0|0|0],0,0,0,0,0,0,0,0,0,0,0,0,0,0,0,0,
194,,1,0,[0|0|0],0,0,150,999,0,0,0,0,0,0,0,0,1,0,0,[0],0,0,60,37,44,[0],-30.06,237.57,-97.82,620004,0,76204,-1,0,0,-1,0,0,-1,0,0,-1,0,0,-1,0,0,-1,0,0,-1,0,0,0,0,0,0,0,0,0,0,-1,0,0,0,-1,-1,-1,0,1,0,[0|0|0|0|0|0|0|0|0],0,0,0,0,0,0,0,0,0,0,0,0,0,0,0,0,
195,,1,0,[0|0|0],0,0,150,999,0,0,0,0,0,0,0,0,1,0,0,[0],0,0,60,35,45,[0],106.46,268.08,-62.87,620061,0,76205,-1,0,0,-1,0,0,-1,0,0,-1,0,0,-1,0,0,-1,0,0,-1,0,0,0,0,0,0,0,0,0,0,-1,0,0,0,-1,-1,-1,0,1,0,[0|0|0|0|0|0|0|0|0],0,0,0,0,0,0,0,0,0,0,0,0,0,0,0,0,
196,,1,0,[0|0|0],0,0,150,999,0,0,0,0,0,0,0,0,1,0,0,[0],0,0,60,35,46,[0],-91.78,321.74,-31.43,620005,0,76206,-1,0,0,-1,0,0,-1,0,0,-1,0,0,-1,0,0,-1,0,0,-1,0,0,0,0,0,0,0,0,0,0,-1,0,0,0,-1,-1,-1,0,1,0,[0|0|0|0|0|0|0|0|0],0,0,0,0,0,0,0,0,0,0,0,0,0,0,0,0,
197,,1,0,[0|0|0],0,0,150,999,0,0,0,0,0,0,0,0,1,0,0,[0],0,0,60,36,48,[0],-87.24,320.99,-98.51,620010,0,76207,-1,0,0,-1,0,0,-1,0,0,-1,0,0,-1,0,0,-1,0,0,-1,0,0,0,0,0,0,0,0,0,0,-1,0,0,0,-1,-1,-1,0,1,0,[0|0|0|0|0|0|0|0|0],0,0,0,0,0,0,0,0,0,0,0,0,0,0,0,0,
198,,1,0,[0|0|0],0,0,150,999,0,0,0,0,0,0,0,0,1,0,0,[0],0,0,60,36,49,[0],8.32,322,-92.02,620011,0,76208,-1,0,0,-1,0,0,-1,0,0,-1,0,0,-1,0,0,-1,0,0,-1,0,0,0,0,0,0,0,0,0,0,-1,0,0,0,-1,-1,-1,0,1,0,[0|0|0|0|0|0|0|0|0],0,0,0,0,0,0,0,0,0,0,0,0,0,0,0,0,
199,,1,0,[0|0|0],0,0,150,999,0,0,0,0,0,0,0,0,1,0,0,[0],0,0,60,38,50,[0],-17.34,367.07,-63.15,620012,0,76209,-1,0,0,-1,0,0,-1,0,0,-1,0,0,-1,0,0,-1,0,0,-1,0,0,0,0,0,0,0,0,0,0,-1,0,0,0,-1,-1,-1,0,1,0,[0|0|0|0|0|0|0|0|0],0,0,0,0,0,0,0,0,0,0,0,0,0,0,0,0,
200,,1,0,[0|0|0],0,0,150,999,0,0,0,0,0,0,0,0,1,0,0,[0],0,0,60,33,46,[0],-59.88,261.12,-64.6,620020,0,76210,-1,0,0,-1,0,0,-1,0,0,-1,0,0,-1,0,0,-1,0,0,-1,0,0,0,0,0,0,0,0,0,0,-1,0,0,0,-1,-1,-1,0,1,0,[0|0|0|0|0|0|0|0|0],0,0,0,0,0,0,0,0,0,0,0,0,0,0,0,0,
201,,1,0,[0|0|0],0,0,150,999,0,0,0,0,0,0,0,0,1,0,0,[0],0,0,60,34,47,[0],76.72,240.07,45.37,620021,0,76211,-1,0,0,-1,0,0,-1,0,0,-1,0,0,-1,0,0,-1,0,0,-1,0,0,0,0,0,0,0,0,0,0,-1,0,0,0,-1,-1,-1,0,1,0,[0|0|0|0|0|0|0|0|0],0,0,0,0,0,0,0,0,0,0,0,0,0,0,0,0,
202,,1,0,[0|0|0],0,0,150,999,0,0,0,0,0,0,0,0,1,0,0,[0],0,0,60,34,48,[0],-52.58,256.58,13.38,620022,0,76212,-1,0,0,-1,0,0,-1,0,0,-1,0,0,-1,0,0,-1,0,0,-1,0,0,0,0,0,0,0,0,0,0,-1,0,0,0,-1,-1,-1,0,1,0,[0|0|0|0|0|0|0|0|0],0,0,0,0,0,0,0,0,0,0,0,0,0,0,0,0,
203,,1,0,[0|0|0],0,0,150,999,0,0,0,0,0,0,0,0,1,0,0,[0],0,0,60,34,49,[0],52.06,272.87,-68.56,620023,0,76213,-1,0,0,-1,0,0,-1,0,0,-1,0,0,-1,0,0,-1,0,0,-1,0,0,0,0,0,0,0,0,0,0,-1,0,0,0,-1,-1,-1,0,1,0,[0|0|0|0|0|0|0|0|0],0,0,0,0,0,0,0,0,0,0,0,0,0,0,0,0,
204,,1,0,[0|0|0],0,0,150,999,0,0,0,0,0,0,0,0,1,0,0,[0],0,0,60,35,50,[0],-17.49,316.03,-134.37,620024,0,76214,-1,0,0,-1,0,0,-1,0,0,-1,0,0,-1,0,0,-1,0,0,-1,0,0,0,0,0,0,0,0,0,0,-1,0,0,0,-1,-1,-1,0,1,0,[0|0|0|0|0|0|0|0|0],0,0,0,0,0,0,0,0,0,0,0,0,0,0,0,0,
205,,1,0,[0|0|0],0,0,150,999,0,0,0,0,0,0,0,0,1,0,0,[0],0,0,60,36,41,[0],138.33,151.14,-62.47,620030,0,76215,-1,0,0,-1,0,0,-1,0,0,-1,0,0,-1,0,0,-1,0,0,-1,0,0,0,0,0,0,0,0,0,0,-1,0,0,0,-1,-1,-1,0,1,0,[0|0|0|0|0|0|0|0|0],0,0,0,0,0,0,0,0,0,0,0,0,0,0,0,0,
206,,1,0,[0|0|0],0,0,150,999,0,0,0,0,0,0,0,0,1,0,0,[0],0,0,60,36,43,[0],81.71,237.69,-60.06,620031,0,76216,-1,0,0,-1,0,0,-1,0,0,-1,0,0,-1,0,0,-1,0,0,-1,0,0,0,0,0,0,0,0,0,0,-1,0,0,0,-1,-1,-1,0,1,0,[0|0|0|0|0|0|0|0|0],0,0,0,0,0,0,0,0,0,0,0,0,0,0,0,0,
207,,1,0,[0|0|0],0,0,150,999,0,0,0,0,0,0,0,0,1,0,0,[0],0,0,60,38,45,[0],95.38,318.4,-115.33,620032,0,76217,-1,0,0,-1,0,0,-1,0,0,-1,0,0,-1,0,0,-1,0,0,-1,0,0,0,0,0,0,0,0,0,0,-1,0,0,0,-1,-1,-1,0,1,0,[0|0|0|0|0|0|0|0|0],0,0,0,0,0,0,0,0,0,0,0,0,0,0,0,0,
208,,1,0,[0|0|0],0,0,150,999,0,0,0,0,0,0,0,0,1,0,0,[0],0,0,60,33,44,[0],17.43,256.91,20.05,620033,0,76218,-1,0,0,-1,0,0,-1,0,0,-1,0,0,-1,0,0,-1,0,0,-1,0,0,0,0,0,0,0,0,0,0,-1,0,0,0,-1,-1,-1,0,1,0,[0|0|0|0|0|0|0|0|0],0,0,0,0,0,0,0,0,0,0,0,0,0,0,0,0,
209,,1,0,[0|0|0],0,0,150,999,0,0,0,0,0,0,0,0,1,0,0,[0],0,0,60,35,43,[0],26.44,239.82,-116.25,620034,0,76219,-1,0,0,-1,0,0,-1,0,0,-1,0,0,-1,0,0,-1,0,0,-1,0,0,0,0,0,0,0,0,0,0,-1,0,0,0,-1,-1,-1,0,1,0,[0|0|0|0|0|0|0|0|0],0,0,0,0,0,0,0,0,0,0,0,0,0,0,0,0,
210,,1,0,[0|0|0],0,0,150,999,0,0,0,0,0,0,0,0,1,0,0,[0],0,0,60,34,42,[0],49.58,269.58,-100.06,620035,0,76220,-1,0,0,-1,0,0,-1,0,0,-1,0,0,-1,0,0,-1,0,0,-1,0,0,0,0,0,0,0,0,0,0,-1,0,0,0,-1,-1,-1,0,1,0,[0|0|0|0|0|0|0|0|0],0,0,0,0,0,0,0,0,0,0,0,0,0,0,0,0,
211,,1,0,[0|0|0],0,0,150,999,0,0,0,0,0,0,0,0,1,0,0,[0],0,0,60,39,42,[0],-7.63,273.51,-40.21,620036,0,76221,-1,0,0,-1,0,0,-1,0,0,-1,0,0,-1,0,0,-1,0,0,-1,0,0,0,0,0,0,0,0,0,0,-1,0,0,0,-1,-1,-1,0,1,0,[0|0|0|0|0|0|0|0|0],0,0,0,0,0,0,0,0,0,0,0,0,0,0,0,0,
212,,1,0,[0|0|0],0,0,150,999,0,0,0,0,0,0,0,0,1,0,0,[0],0,0,60,38,43,[0],51.6,257.79,27.8,620037,0,76222,-1,0,0,-1,0,0,-1,0,0,-1,0,0,-1,0,0,-1,0,0,-1,0,0,0,0,0,0,0,0,0,0,-1,0,0,0,-1,-1,-1,0,1,0,[0|0|0|0|0|0|0|0|0],0,0,0,0,0,0,0,0,0,0,0,0,0,0,0,0,
213,,1,0,[0|0|0],0,0,150,999,0,0,0,0,0,0,0,0,1,0,0,[0],0,0,60,38,45,[0],-32.49,237.86,-20.37,620038,0,76223,-1,0,0,-1,0,0,-1,0,0,-1,0,0,-1,0,0,-1,0,0,-1,0,0,0,0,0,0,0,0,0,0,-1,0,0,0,-1,-1,-1,0,1,0,[0|0|0|0|0|0|0|0|0],0,0,0,0,0,0,0,0,0,0,0,0,0,0,0,0,
214,,1,0,[0|0|0],0,0,150,999,0,0,0,0,0,0,0,0,1,0,0,[0],0,0,60,37,46,[0],-9.84,396.79,22.98,620039,0,76224,-1,0,0,-1,0,0,-1,0,0,-1,0,0,-1,0,0,-1,0,0,-1,0,0,0,0,0,0,0,0,0,0,-1,0,0,0,-1,-1,-1,0,1,0,[0|0|0|0|0|0|0|0|0],0,0,0,0,0,0,0,0,0,0,0,0,0,0,0,0,
215,,1,0,[0|0|0],0,0,150,999,0,0,0,0,0,0,0,0,1,0,0,[0],0,0,60,38,47,[0],-103.05,372.84,-7.04,620040,0,76225,-1,0,0,-1,0,0,-1,0,0,-1,0,0,-1,0,0,-1,0,0,-1,0,0,0,0,0,0,0,0,0,0,-1,0,0,0,-1,-1,-1,0,1,0,[0|0|0|0|0|0|0|0|0],0,0,0,0,0,0,0,0,0,0,0,0,0,0,0,0,
216,,1,0,[0|0|0],0,0,150,999,0,0,0,0,0,0,0,0,1,0,0,[0],0,0,60,37,48,[0],49.11,393.81,-123.5,620041,0,76226,-1,0,0,-1,0,0,-1,0,0,-1,0,0,-1,0,0,-1,0,0,-1,0,0,0,0,0,0,0,0,0,0,-1,0,0,0,-1,-1,-1,0,1,0,[0|0|0|0|0|0|0|0|0],0,0,0,0,0,0,0,0,0,0,0,0,0,0,0,0,
217,,1,0,[0|0|0],0,0,150,999,0,0,0,0,0,0,0,0,1,0,0,[0],0,0,60,33,47,[0],63.31,378.49,-102.03,620042,0,76227,-1,0,0,-1,0,0,-1,0,0,-1,0,0,-1,0,0,-1,0,0,-1,0,0,0,0,0,0,0,0,0,0,-1,0,0,0,-1,-1,-1,0,1,0,[0|0|0|0|0|0|0|0|0],0,0,0,0,0,0,0,0,0,0,0,0,0,0,0,0,
218,,1,0,[0|0|0],0,0,150,999,0,0,0,0,0,0,0,0,1,0,0,[0],0,0,60,34,50,[0],-85.66,476.08,13.37,620043,0,76228,-1,0,0,-1,0,0,-1,0,0,-1,0,0,-1,0,0,-1,0,0,-1,0,0,0,0,0,0,0,0,0,0,-1,0,0,0,-1,-1,-1,0,1,0,[0|0|0|0|0|0|0|0|0],0,0,0,0,0,0,0,0,0,0,0,0,0,0,0,0,
219,,1,0,[0|0|0],0,0,150,999,0,0,0,0,0,0,0,0,1,0,0,[0],0,0,60,38,50,[0],-123.6,240.71,95.07,620044,0,76229,-1,0,0,-1,0,0,-1,0,0,-1,0,0,-1,0,0,-1,0,0,-1,0,0,0,0,0,0,0,0,0,0,-1,0,0,0,-1,-1,-1,0,1,0,[0|0|0|0|0|0|0|0|0],0,0,0,0,0,0,0,0,0,0,0,0,0,0,0,0,
220,,1,0,[0|0|0],0,0,150,999,0,0,0,0,0,0,0,0,1,0,0,[0],0,0,60,35,50,[0],102.2,406.41,-43.32,620045,0,76230,-1,0,0,-1,0,0,-1,0,0,-1,0,0,-1,0,0,-1,0,0,-1,0,0,0,0,0,0,0,0,0,0,-1,0,0,0,-1,-1,-1,0,1,0,[0|0|0|0|0|0|0|0|0],0,0,0,0,0,0,0,0,0,0,0,0,0,0,0,0,
221,,1,0,[0|0|0],0,0,150,999,0,0,0,0,0,0,0,0,1,0,0,[0],0,0,60,35,50,[0],-76.3,350.52,-36.48,620046,0,76231,-1,0,0,-1,0,0,-1,0,0,-1,0,0,-1,0,0,-1,0,0,-1,0,0,0,0,0,0,0,0,0,0,-1,0,0,0,-1,-1,-1,0,1,0,[0|0|0|0|0|0|0|0|0],0,0,0,0,0,0,0,0,0,0,0,0,0,0,0,0,
222,,1,0,[0|0|0],0,0,150,999,0,0,0,0,0,0,0,0,1,0,0,[0],0,0,60,35,50,[0],-31.9,430.946,100.499,620047,1035500800,76232,-1,0,0,-1,0,0,-1,0,0,-1,0,0,-1,0,0,-1,0,0,-1,0,0,0,0,0,0,0,0,0,0,-1,0,0,0,-1,-1,-1,0,1,0,[0|0|0|0|0|0|0|0|0],0,0,0,0,0,0,0,0,0,0,0,0,0,0,0,0,
223,,1,0,[0|0|0],0,0,150,999,0,0,0,0,0,0,0,0,1,0,0,[0],0,0,60,36,45,[0],-62.85,239.86,109.64,620048,0,76233,-1,0,0,-1,0,0,-1,0,0,-1,0,0,-1,0,0,-1,0,0,-1,0,0,0,0,0,0,0,0,0,0,-1,0,0,0,-1,-1,-1,0,1,0,[0|0|0|0|0|0|0|0|0],0,0,0,0,0,0,0,0,0,0,0,0,0,0,0,0,
224,,1,0,[0|0|0],0,0,150,999,0,0,0,0,0,0,0,0,1,0,0,[0],0,0,60,38,46,[0],53.62,290.48,-50.22,620049,0,76234,-1,0,0,-1,0,0,-1,0,0,-1,0,0,-1,0,0,-1,0,0,-1,0,0,0,0,0,0,0,0,0,0,-1,0,0,0,-1,-1,-1,0,1,0,[0|0|0|0|0|0|0|0|0],0,0,0,0,0,0,0,0,0,0,0,0,0,0,0,0,
225,,1,0,[0|0|0],0,0,150,999,0,0,0,0,0,0,0,0,1,0,0,[0],0,0,60,36,49,[0],-62.22,237.77,-12.86,620050,0,76235,-1,0,0,-1,0,0,-1,0,0,-1,0,0,-1,0,0,-1,0,0,-1,0,0,0,0,0,0,0,0,0,0,-1,0,0,0,-1,-1,-1,0,1,0,[0|0|0|0|0|0|0|0|0],0,0,0,0,0,0,0,0,0,0,0,0,0,0,0,0,
226,,1,0,[0|0|0],0,0,150,999,0,0,0,0,0,0,0,0,1,0,0,[0],0,0,60,36,43,[0],-118.9,242.78,137.47,620051,0,76236,-1,0,0,-1,0,0,-1,0,0,-1,0,0,-1,0,0,-1,0,0,-1,0,0,0,0,0,0,0,0,0,0,-1,0,0,0,-1,-1,-1,0,1,0,[0|0|0|0|0|0|0|0|0],0,0,0,0,0,0,0,0,0,0,0,0,0,0,0,0,
227,,1,0,[0|0|0],0,0,150,999,0,0,0,0,0,0,0,0,1,0,0,[0],0,0,60,34,43,[0],-91.48,263.52,-98.71,620052,0,76237,-1,0,0,-1,0,0,-1,0,0,-1,0,0,-1,0,0,-1,0,0,-1,0,0,0,0,0,0,0,0,0,0,-1,0,0,0,-1,-1,-1,0,1,0,[0|0|0|0|0|0|0|0|0],0,0,0,0,0,0,0,0,0,0,0,0,0,0,0,0,
228,,1,0,[0|0|0],0,0,150,999,0,0,0,0,0,0,0,0,1,0,0,[0],0,0,60,36,50,[0],-84.56,396.73,74.55,620053,0,76238,-1,0,0,-1,0,0,-1,0,0,-1,0,0,-1,0,0,-1,0,0,-1,0,0,0,0,0,0,0,0,0,0,-1,0,0,0,-1,-1,-1,0,1,0,[0|0|0|0|0|0|0|0|0],0,0,0,0,0,0,0,0,0,0,0,0,0,0,0,0,
229,,1,0,[0|0|0],0,0,150,999,0,0,0,0,0,0,0,0,1,0,0,[0],0,0,60,38,48,[0],50.22,449.73,70.93,620054,0,76239,-1,0,0,-1,0,0,-1,0,0,-1,0,0,-1,0,0,-1,0,0,-1,0,0,0,0,0,0,0,0,0,0,-1,0,0,0,-1,-1,-1,0,1,0,[0|0|0|0|0|0|0|0|0],0,0,0,0,0,0,0,0,0,0,0,0,0,0,0,0,
230,,1,0,[0|0|0],0,0,150,999,0,0,0,0,0,0,0,0,1,0,0,[0],0,0,60,37,49,[0],75.66,494.09,-28.49,620055,0,76240,-1,0,0,-1,0,0,-1,0,0,-1,0,0,-1,0,0,-1,0,0,-1,0,0,0,0,0,0,0,0,0,0,-1,0,0,0,-1,-1,-1,0,1,0,[0|0|0|0|0|0|0|0|0],0,0,0,0,0,0,0,0,0,0,0,0,0,0,0,0,
231,,1,0,[0|0|0],0,0,150,999,0,0,0,0,0,0,0,0,1,0,0,[0],0,0,60,34,44,[0],-41.73,237.59,122.91,620056,0,76241,-1,0,0,-1,0,0,-1,0,0,-1,0,0,-1,0,0,-1,0,0,-1,0,0,0,0,0,0,0,0,0,0,-1,0,0,0,-1,-1,-1,0,1,0,[0|0|0|0|0|0|0|0|0],0,0,0,0,0,0,0,0,0,0,0,0,0,0,0,0,
232,,1,0,[0|0|0],0,0,150,999,0,0,0,0,0,0,0,0,1,0,0,[0],0,0,60,35,47,[0],32.99,238.03,-96.92,620057,0,76242,-1,0,0,-1,0,0,-1,0,0,-1,0,0,-1,0,0,-1,0,0,-1,0,0,0,0,0,0,0,0,0,0,-1,0,0,0,-1,-1,-1,0,1,0,[0|0|0|0|0|0|0|0|0],0,0,0,0,0,0,0,0,0,0,0,0,0,0,0,0,
233,,1,0,[0|0|0],0,0,150,999,0,0,0,0,0,0,0,0,1,0,0,[0],0,0,60,34,46,[0],6.38,237.38,-69.7,620058,0,76243,-1,0,0,-1,0,0,-1,0,0,-1,0,0,-1,0,0,-1,0,0,-1,0,0,0,0,0,0,0,0,0,0,-1,0,0,0,-1,-1,-1,0,1,0,[0|0|0|0|0|0|0|0|0],0,0,0,0,0,0,0,0,0,0,0,0,0,0,0,0,
234,,1,0,[0|0|0],0,0,150,999,0,0,0,0,0,0,0,0,1,0,0,[0],0,0,60,39,41,[0],37.16,300.04,-122.96,620059,0,76244,-1,0,0,-1,0,0,-1,0,0,-1,0,0,-1,0,0,-1,0,0,-1,0,0,0,0,0,0,0,0,0,0,-1,0,0,0,-1,-1,-1,0,1,0,[0|0|0|0|0|0|0|0|0],0,0,0,0,0,0,0,0,0,0,0,0,0,0,0,0,
235,,1,0,[0|0|0],0,0,150,999,0,0,0,0,0,0,0,0,1,0,0,[0],0,0,60,39,44,[0],47.52,221.25,-59.6,620060,0,76245,-1,0,0,-1,0,0,-1,0,0,-1,0,0,-1,0,0,-1,0,0,-1,0,0,0,0,0,0,0,0,0,0,-1,0,0,0,-1,-1,-1,0,1,0,[0|0|0|0|0|0|0|0|0],0,0,0,0,0,0,0,0,0,0,0,0,0,0,0,0,
236,,1,0,[0|0|0],0,0,150,999,0,0,0,0,0,0,0,0,1,0,0,[0],0,0,60,34,50,[0],-56.9,511.64,24.1,620062,1034500703,76247,-1,0,0,-1,0,0,-1,0,0,-1,0,0,-1,0,0,-1,0,0,-1,0,0,0,0,0,0,0,0,0,0,-1,0,0,0,-1,-1,-1,0,1,0,[0|0|0|0|0|0|0|0|0],0,0,0,0,0,0,0,0,0,0,0,0,0,0,0,0,
237,,1,0,[0|0|0],0,0,150,999,0,0,0,0,0,0,0,0,1,0,0,[0],0,0,60,34,41,[0],6.69,366.04,79.83,621000,0,76250,-1,0,0,-1,0,0,-1,0,0,-1,0,0,-1,0,0,-1,0,0,-1,0,0,0,0,0,0,0,0,0,0,-1,0,0,0,-1,-1,-1,0,1,0,[0|0|0|0|0|0|0|0|0],0,0,0,0,0,0,0,0,0,0,0,0,0,0,0,0,
238,,1,0,[0|0|0],0,0,150,999,0,0,0,0,0,0,0,0,1,0,0,[0],0,0,60,35,42,[0],-14.04,408.05,-23.84,621001,0,76251,-1,0,0,-1,0,0,-1,0,0,-1,0,0,-1,0,0,-1,0,0,-1,0,0,0,0,0,0,0,0,0,0,-1,0,0,0,-1,-1,-1,0,1,0,[0|0|0|0|0|0|0|0|0],0,0,0,0,0,0,0,0,0,0,0,0,0,0,0,0,
239,,1,0,[0|0|0],0,0,150,999,0,0,0,0,0,0,0,0,1,0,0,[0],0,0,60,33,40,[0],29,235.97,50.31,621002,0,76252,-1,0,0,-1,0,0,-1,0,0,-1,0,0,-1,0,0,-1,0,0,-1,0,0,0,0,0,0,0,0,0,0,-1,0,0,0,-1,-1,-1,0,1,0,[0|0|0|0|0|0|0|0|0],0,0,0,0,0,0,0,0,0,0,0,0,0,0,0,0,
240,,1,0,[0|0|0],0,0,150,999,0,0,0,0,0,0,0,0,1,0,0,[0],0,0,60,37,51,[0],-46.07,656.41,-62.55,630008,0,76300,-1,0,0,-1,0,0,-1,0,0,-1,0,0,-1,0,0,-1,0,0,-1,0,0,0,0,0,0,0,0,0,0,-1,0,0,0,-1,-1,-1,0,1,0,[0|0|0|0|0|0|0|0|0],0,0,0,0,0,0,0,0,0,0,0,0,0,0,0,0,
241,,1,0,[0|0|0],0,0,150,999,0,0,0,0,0,0,0,0,1,0,0,[0],0,0,60,38,50,[0],55.76,764.4,82.93,630009,0,76301,-1,0,0,-1,0,0,-1,0,0,-1,0,0,-1,0,0,-1,0,0,-1,0,0,0,0,0,0,0,0,0,0,-1,0,0,0,-1,-1,-1,0,1,0,[0|0|0|0|0|0|0|0|0],0,0,0,0,0,0,0,0,0,0,0,0,0,0,0,0,
242,,1,0,[0|0|0],0,0,150,999,0,0,0,0,0,0,0,0,1,0,0,[0],0,0,60,38,51,[0],-21.82,766.14,50.09,630000,0,76302,-1,0,0,-1,0,0,-1,0,0,-1,0,0,-1,0,0,-1,0,0,-1,0,0,0,0,0,0,0,0,0,0,-1,0,0,0,-1,-1,-1,0,1,0,[0|0|0|0|0|0|0|0|0],0,0,0,0,0,0,0,0,0,0,0,0,0,0,0,0,
243,,1,0,[0|0|0],0,0,150,999,0,0,0,0,0,0,0,0,1,0,0,[0],0,0,60,39,51,[0],92.8,760.57,0.1,630003,0,76303,-1,0,0,-1,0,0,-1,0,0,-1,0,0,-1,0,0,-1,0,0,-1,0,0,0,0,0,0,0,0,0,0,-1,0,0,0,-1,-1,-1,0,1,0,[0|0|0|0|0|0|0|0|0],0,0,0,0,0,0,0,0,0,0,0,0,0,0,0,0,
244,,1,0,[0|0|0],0,0,799,999,0,0,0,0,0,0,0,0,1,0,0,[0],0,0,60,40,52,[0],109.35,828.3,138.86,630007,0,76304,9245001,0,76304,-1,0,0,-1,0,0,-1,0,0,-1,0,0,-1,0,0,-1,0,0,0,0,0,0,0,0,0,0,-1,0,0,0,-1,-1,-1,0,1,0,[0|0|0|0|0|0|0|0|0],0,0,0,0,0,0,0,0,0,0,0,0,0,0,0,0,
245,,1,0,[0|0|0],0,0,150,999,0,0,0,0,0,0,0,0,1,0,0,[0],0,0,60,41,52,[0],91.8,904.31,19.61,630004,0,76305,-1,0,0,-1,0,0,-1,0,0,-1,0,0,-1,0,0,-1,0,0,-1,0,0,0,0,0,0,0,0,0,0,-1,0,0,0,-1,-1,-1,0,1,0,[0|0|0|0|0|0|0|0|0],0,0,0,0,0,0,0,0,0,0,0,0,0,0,0,0,
246,,1,0,[0|0|0],0,0,150,999,0,0,0,0,0,0,0,0,1,0,0,[0],0,0,60,40,53,[0],12.33,749.28,-80.48,630010,0,76306,-1,0,0,-1,0,0,-1,0,0,-1,0,0,-1,0,0,-1,0,0,-1,0,0,0,0,0,0,0,0,0,0,-1,0,0,0,-1,-1,-1,0,1,0,[0|0|0|0|0|0|0|0|0],0,0,0,0,0,0,0,0,0,0,0,0,0,0,0,0,
247,,1,0,[0|0|0],0,0,150,999,0,0,0,0,0,0,0,0,1,0,0,[0],0,0,60,40,54,[0],66.43,820.57,113.11,630006,0,76307,-1,0,0,-1,0,0,-1,0,0,-1,0,0,-1,0,0,-1,0,0,-1,0,0,0,0,0,0,0,0,0,0,-1,0,0,0,-1,-1,-1,0,1,0,[0|0|0|0|0|0|0|0|0],0,0,0,0,0,0,0,0,0,0,0,0,0,0,0,0,
248,,1,0,[0|0|0],0,0,150,999,0,0,0,0,0,0,0,0,1,0,0,[0],0,0,60,41,54,[0],76.832,887.299,73.999,630001,0,76308,-1,0,0,-1,0,0,-1,0,0,-1,0,0,-1,0,0,-1,0,0,-1,0,0,0,0,0,0,0,0,0,0,-1,0,0,0,-1,-1,-1,0,1,0,[0|0|0|0|0|0|0|0|0],0,0,0,0,0,0,0,0,0,0,0,0,0,0,0,0,
249,,1,0,[0|0|0],0,0,150,999,0,0,0,0,0,0,0,0,1,0,0,[0],0,0,60,42,51,[0],-51.35,850.44,-44.33,630011,0,76309,-1,0,0,-1,0,0,-1,0,0,-1,0,0,-1,0,0,-1,0,0,-1,0,0,0,0,0,0,0,0,0,0,-1,0,0,0,-1,-1,-1,0,1,0,[0|0|0|0|0|0|0|0|0],0,0,0,0,0,0,0,0,0,0,0,0,0,0,0,0,
250,,1,0,[0|0|0],0,0,150,999,0,0,0,0,0,0,0,0,1,0,0,[0],0,0,60,43,50,[0],-116.5,910.02,-54.99,630002,0,76310,-1,0,0,-1,0,0,-1,0,0,-1,0,0,-1,0,0,-1,0,0,-1,0,0,0,0,0,0,0,0,0,0,-1,0,0,0,-1,-1,-1,0,1,0,[0|0|0|0|0|0|0|0|0],0,0,0,0,0,0,0,0,0,0,0,0,0,0,0,0,
251,,1,0,[0|0|0],0,0,799,999,0,0,0,0,0,0,0,0,1,0,0,[0],0,0,60,43,53,[0],-3.15,992.98,10.57,630005,0,76311,9245002,0,76311,-1,0,0,-1,0,0,-1,0,0,-1,0,0,-1,0,0,-1,0,0,0,0,0,0,0,0,0,0,-1,0,0,0,-1,-1,-1,0,1,0,[0|0|0|0|0|0|0|0|0],0,0,0,0,0,0,0,0,0,0,0,0,0,0,0,0,
252,,1,0,[0|0|0],0,0,150,999,0,0,0,0,0,0,0,0,1,0,0,[0],0,0,60,43,53,[0],-53.66,949.59,-78.08,630012,0,76312,-1,0,0,-1,0,0,-1,0,0,-1,0,0,-1,0,0,-1,0,0,-1,0,0,0,0,0,0,0,0,0,0,-1,0,0,0,-1,-1,-1,0,1,0,[0|0|0|0|0|0|0|0|0],0,0,0,0,0,0,0,0,0,0,0,0,0,0,0,0,
253,,1,0,[0|0|0],0,0,150,999,0,0,0,0,0,0,0,0,1,0,0,[0],0,0,60,42,55,[0],-38.23,968.42,-36.02,630013,1042550800,76313,-1,0,0,-1,0,0,-1,0,0,-1,0,0,-1,0,0,-1,0,0,-1,0,0,0,0,0,0,0,0,0,0,-1,0,0,0,-1,-1,-1,0,1,0,[0|0|0|0|0|0|0|0|0],0,0,0,0,0,0,0,0,0,0,0,0,0,0,0,0,
254,,1,0,[0|0|0],0,0,150,999,0,0,0,0,0,0,0,0,1,0,0,[0],0,0,60,45,52,[0],-37.98,1028.37,-55.3,630014,0,76314,-1,0,0,-1,0,0,-1,0,0,-1,0,0,-1,0,0,-1,0,0,-1,0,0,0,0,0,0,0,0,0,0,-1,0,0,0,-1,-1,-1,0,1,0,[0|0|0|0|0|0|0|0|0],0,0,0,0,0,0,0,0,0,0,0,0,0,0,0,0,
255,,1,0,[0|0|0],0,0,150,999,0,0,0,0,0,0,0,0,1,0,0,[0],0,0,60,39,53,[0],-98.556,812.818,37.453,631000,0,76350,-1,0,0,-1,0,0,-1,0,0,-1,0,0,-1,0,0,-1,0,0,-1,0,0,0,0,0,0,0,0,0,0,-1,0,0,0,-1,-1,-1,0,1,0,[0|0|0|0|0|0|0|0|0],0,0,0,0,0,0,0,0,0,0,0,0,0,0,0,0,
256,,1,0,[0|0|0],0,0,150,999,0,0,0,0,0,0,0,0,1,0,0,[0],0,0,60,38,54,[0],28.188,861.175,-123.251,631002,0,76351,-1,0,0,-1,0,0,-1,0,0,-1,0,0,-1,0,0,-1,0,0,-1,0,0,0,0,0,0,0,0,0,0,-1,0,0,0,-1,-1,-1,0,1,0,[0|0|0|0|0|0|0|0|0],0,0,0,0,0,0,0,0,0,0,0,0,0,0,0,0,
257,,1,0,[0|0|0],0,0,150,999,0,0,0,0,0,0,0,0,1,0,0,[0],0,0,60,36,54,[0],117.708,1010.797,25.469,631001,0,76352,-1,0,0,-1,0,0,-1,0,0,-1,0,0,-1,0,0,-1,0,0,-1,0,0,0,0,0,0,0,0,0,0,-1,0,0,0,-1,-1,-1,0,1,0,[0|0|0|0|0|0|0|0|0],0,0,0,0,0,0,0,0,0,0,0,0,0,0,0,0,
258,,1,0,[0|0|0],0,0,150,999,0,0,0,0,0,0,0,0,1,0,0,[0],0,0,60,36,54,[0],-18.436,930.956,-89.877,631003,0,76353,-1,0,0,-1,0,0,-1,0,0,-1,0,0,-1,0,0,-1,0,0,-1,0,0,0,0,0,0,0,0,0,0,-1,0,0,0,-1,-1,-1,0,1,0,[0|0|0|0|0|0|0|0|0],0,0,0,0,0,0,0,0,0,0,0,0,0,0,0,0,
259,,1,0,[0|0|0],0,0,150,999,0,0,0,0,0,0,0,0,1,0,0,[0],0,0,60,37,52,[0],64.429,792.704,55.267,631004,0,76354,-1,0,0,-1,0,0,-1,0,0,-1,0,0,-1,0,0,-1,0,0,-1,0,0,0,0,0,0,0,0,0,0,-1,0,0,0,-1,-1,-1,0,1,0,[0|0|0|0|0|0|0|0|0],0,0,0,0,0,0,0,0,0,0,0,0,0,0,0,0,
260,,1,0,[0|0|0],0,0,150,999,0,0,0,0,0,0,0,0,1,0,0,[0],0,0,60,35,53,[0],126.246,794.736,80.353,631005,0,76355,-1,0,0,-1,0,0,-1,0,0,-1,0,0,-1,0,0,-1,0,0,-1,0,0,0,0,0,0,0,0,0,0,-1,0,0,0,-1,-1,-1,0,1,0,[0|0|0|0|0|0|0|0|0],0,0,0,0,0,0,0,0,0,0,0,0,0,0,0,0,
261,,1,0,[0|0|0],0,0,150,999,0,0,0,0,0,0,0,0,1,0,0,[0],0,0,60,36,52,[0],101.6,879.68,-24.59,631006,0,76356,-1,0,0,-1,0,0,-1,0,0,-1,0,0,-1,0,0,-1,0,0,-1,0,0,0,0,0,0,0,0,0,0,-1,0,0,0,-1,-1,-1,0,1,0,[0|0|0|0|0|0|0|0|0],0,0,0,0,0,0,0,0,0,0,0,0,0,0,0,0,
262,,1,0,[0|0|0],0,0,150,999,0,0,0,0,0,0,0,0,1,0,0,[0],0,0,60,37,53,[0],5.19,904.734,-54.768,631007,0,76357,-1,0,0,-1,0,0,-1,0,0,-1,0,0,-1,0,0,-1,0,0,-1,0,0,0,0,0,0,0,0,0,0,-1,0,0,0,-1,-1,-1,0,1,0,[0|0|0|0|0|0|0|0|0],0,0,0,0,0,0,0,0,0,0,0,0,0,0,0,0,
263,,1,0,[0|0|0],0,0,150,999,0,0,0,0,0,0,0,0,1,0,0,[0],0,0,60,39,54,[0],21.95,725.01,-48.26,630051,0,76320,-1,0,0,-1,0,0,-1,0,0,-1,0,0,-1,0,0,-1,0,0,-1,0,0,0,0,0,0,0,0,0,0,-1,0,0,0,-1,-1,-1,0,1,0,[0|0|0|0|0|0|0|0|0],0,0,0,0,0,0,0,0,0,0,0,0,0,0,0,0,
264,,1,0,[0|0|0],0,0,150,999,0,0,0,0,0,0,0,0,1,0,0,[0],0,0,60,39,54,[0],-50.87,734.78,48.29,630052,0,76321,-1,0,0,-1,0,0,-1,0,0,-1,0,0,-1,0,0,-1,0,0,-1,0,0,0,0,0,0,0,0,0,0,-1,0,0,0,-1,-1,-1,0,1,0,[0|0|0|0|0|0|0|0|0],0,0,0,0,0,0,0,0,0,0,0,0,0,0,0,0,
265,,1,0,[0|0|0],0,0,150,999,0,0,0,0,0,0,0,0,1,0,0,[0],0,0,60,39,54,[0],-46.95,768.39,56.37,630050,1039540800,76322,-1,0,0,-1,0,0,-1,0,0,-1,0,0,-1,0,0,-1,0,0,-1,0,0,0,0,0,0,0,0,0,0,-1,0,0,0,-1,-1,-1,0,1,0,[0|0|0|0|0|0|0|0|0],0,0,0,0,0,0,0,0,0,0,0,0,0,0,0,0,
266,,1,0,[0|0|0],0,0,150,999,0,0,0,0,0,0,0,0,1,0,0,[0],0,0,60,46,40,[0],-76.93,151.65,27.59,640000,0,76400,-1,0,0,-1,0,0,-1,0,0,-1,0,0,-1,0,0,-1,0,0,-1,0,0,0,0,0,0,0,0,0,0,-1,0,0,0,-1,-1,-1,0,1,0,[0|0|0|0|0|0|0|0|0],0,0,0,0,0,0,0,0,0,0,0,0,0,0,0,0,
267,,1,0,[0|0|0],0,0,150,999,0,0,0,0,0,0,0,0,1,0,0,[0],0,0,60,46,40,[0],105.37,171.01,-65.19,640001,0,76401,-1,0,0,-1,0,0,-1,0,0,-1,0,0,-1,0,0,-1,0,0,-1,0,0,0,0,0,0,0,0,0,0,-1,0,0,0,-1,-1,-1,0,1,0,[0|0|0|0|0|0|0|0|0],0,0,0,0,0,0,0,0,0,0,0,0,0,0,0,0,
268,,1,0,[0|0|0],0,0,150,999,0,0,0,0,0,0,0,0,1,0,0,[0],0,0,60,47,39,[0],-127.31,122.08,-82.08,640013,0,76402,-1,0,0,-1,0,0,-1,0,0,-1,0,0,-1,0,0,-1,0,0,-1,0,0,0,0,0,0,0,0,0,0,-1,0,0,0,-1,-1,-1,0,1,0,[0|0|0|0|0|0|0|0|0],0,0,0,0,0,0,0,0,0,0,0,0,0,0,0,0,
269,,1,0,[0|0|0],0,0,150,999,0,0,0,0,0,0,0,0,1,0,0,[0],0,0,60,47,40,[0],105.3,164.36,-19.64,640005,0,76403,-1,0,0,-1,0,0,-1,0,0,-1,0,0,-1,0,0,-1,0,0,-1,0,0,0,0,0,0,0,0,0,0,-1,0,0,0,-1,-1,-1,0,1,0,[0|0|0|0|0|0|0|0|0],0,0,0,0,0,0,0,0,0,0,0,0,0,0,0,0,
270,,1,0,[0|0|0],0,0,150,999,0,0,0,0,0,0,0,0,1,0,0,[0],0,0,60,48,36,[0],38.53,126.59,99.69,640002,0,76404,-1,0,0,-1,0,0,-1,0,0,-1,0,0,-1,0,0,-1,0,0,-1,0,0,0,0,0,0,0,0,0,0,-1,0,0,0,-1,-1,-1,0,1,0,[0|0|0|0|0|0|0|0|0],0,0,0,0,0,0,0,0,0,0,0,0,0,0,0,0,
271,,1,0,[0|0|0],0,0,150,999,0,0,0,0,0,0,0,0,1,0,0,[0],0,0,60,48,37,[0],-118.84,114.36,39.76,640019,0,76405,-1,0,0,-1,0,0,-1,0,0,-1,0,0,-1,0,0,-1,0,0,-1,0,0,0,0,0,0,0,0,0,0,-1,0,0,0,-1,-1,-1,0,1,0,[0|0|0|0|0|0|0|0|0],0,0,0,0,0,0,0,0,0,0,0,0,0,0,0,0,
272,,1,0,[0|0|0],0,0,150,999,0,0,0,0,0,0,0,0,1,0,0,[0],0,0,60,48,38,[0],-2.02,71.81,-32.27,640015,0,76406,-1,0,0,-1,0,0,-1,0,0,-1,0,0,-1,0,0,-1,0,0,-1,0,0,0,0,0,0,0,0,0,0,-1,0,0,0,-1,-1,-1,0,1,0,[0|0|0|0|0|0|0|0|0],0,0,0,0,0,0,0,0,0,0,0,0,0,0,0,0,
273,,1,0,[0|0|0],0,0,150,999,0,0,0,0,0,0,0,0,1,0,0,[0],0,0,60,48,38,[0],-104.24,98.17,22.25,640026,0,76407,-1,0,0,-1,0,0,-1,0,0,-1,0,0,-1,0,0,-1,0,0,-1,0,0,0,0,0,0,0,0,0,0,-1,0,0,0,-1,-1,-1,0,1,0,[0|0|0|0|0|0|0|0|0],0,0,0,0,0,0,0,0,0,0,0,0,0,0,0,0,
274,,1,0,[0|0|0],0,0,150,999,0,0,0,0,0,0,0,0,1,0,0,[0],0,0,60,48,39,[0],-87.89,130.94,0.89,640003,0,76409,-1,0,0,-1,0,0,-1,0,0,-1,0,0,-1,0,0,-1,0,0,-1,0,0,0,0,0,0,0,0,0,0,-1,0,0,0,-1,-1,-1,0,1,0,[0|0|0|0|0|0|0|0|0],0,0,0,0,0,0,0,0,0,0,0,0,0,0,0,0,
275,,1,0,[0|0|0],0,0,150,999,0,0,0,0,0,0,0,0,1,0,0,[0],0,0,60,48,40,[0],110.11,113.92,1.96,640004,0,76410,-1,0,0,-1,0,0,-1,0,0,-1,0,0,-1,0,0,-1,0,0,-1,0,0,0,0,0,0,0,0,0,0,-1,0,0,0,-1,-1,-1,0,1,0,[0|0|0|0|0|0|0|0|0],0,0,0,0,0,0,0,0,0,0,0,0,0,0,0,0,
276,,1,0,[0|0|0],0,0,150,999,0,0,0,0,0,0,0,0,1,0,0,[0],0,0,60,49,37,[0],2.5,88.32,62.24,640016,0,76411,-1,0,0,-1,0,0,-1,0,0,-1,0,0,-1,0,0,-1,0,0,-1,0,0,0,0,0,0,0,0,0,0,-1,0,0,0,-1,-1,-1,0,1,0,[0|0|0|0|0|0|0|0|0],0,0,0,0,0,0,0,0,0,0,0,0,0,0,0,0,
277,,1,0,[0|0|0],0,0,150,999,0,0,0,0,0,0,0,0,1,0,0,[0],0,0,60,49,38,[0],-25.194,65.845,46.763,640007,1049380800,76412,-1,0,0,-1,0,0,-1,0,0,-1,0,0,-1,0,0,-1,0,0,-1,0,0,0,0,0,0,0,0,0,0,-1,0,0,0,-1,-1,-1,0,1,0,[0|0|0|0|0|0|0|0|0],0,0,0,0,0,0,0,0,0,0,0,0,0,0,0,0,
278,,1,0,[0|0|0],0,0,150,999,0,0,0,0,0,0,0,0,1,0,0,[0],0,0,60,49,38,[0],-58.46,64.29,115.31,640028,0,76413,-1,0,0,-1,0,0,-1,0,0,-1,0,0,-1,0,0,-1,0,0,-1,0,0,0,0,0,0,0,0,0,0,-1,0,0,0,-1,-1,-1,0,1,0,[0|0|0|0|0|0|0|0|0],0,0,0,0,0,0,0,0,0,0,0,0,0,0,0,0,
279,,1,0,[0|0|0],0,0,150,999,0,0,0,0,0,0,0,0,1,0,0,[0],0,0,60,49,39,[0],128.5,99.36,54.99,640029,0,76414,-1,0,0,-1,0,0,-1,0,0,-1,0,0,-1,0,0,-1,0,0,-1,0,0,0,0,0,0,0,0,0,0,-1,0,0,0,-1,-1,-1,0,1,0,[0|0|0|0|0|0|0|0|0],0,0,0,0,0,0,0,0,0,0,0,0,0,0,0,0,
280,,1,0,[0|0|0],0,0,150,999,0,0,0,0,0,0,0,0,1,0,0,[0],0,0,60,49,39,[0],96.982,83.36,77.586,640008,1049390800,76415,-1,0,0,-1,0,0,-1,0,0,-1,0,0,-1,0,0,-1,0,0,-1,0,0,0,0,0,0,0,0,0,0,-1,0,0,0,-1,-1,-1,0,1,0,[0|0|0|0|0|0|0|0|0],0,0,0,0,0,0,0,0,0,0,0,0,0,0,0,0,
281,,1,0,[0|0|0],0,0,150,999,0,0,0,0,0,0,0,0,1,0,0,[0],0,0,60,49,39,[0],99.48,65.49,-31.72,640017,0,76416,-1,0,0,-1,0,0,-1,0,0,-1,0,0,-1,0,0,-1,0,0,-1,0,0,0,0,0,0,0,0,0,0,-1,0,0,0,-1,-1,-1,0,1,0,[0|0|0|0|0|0|0|0|0],0,0,0,0,0,0,0,0,0,0,0,0,0,0,0,0,
282,,1,0,[0|0|0],0,0,150,999,0,0,0,0,0,0,0,0,1,0,0,[0],0,0,60,50,36,[0],-68.31,38.73,-82.76,640009,0,76417,-1,0,0,-1,0,0,-1,0,0,-1,0,0,-1,0,0,-1,0,0,-1,0,0,0,0,0,0,0,0,0,0,-1,0,0,0,-1,-1,-1,0,1,0,[0|0|0|0|0|0|0|0|0],0,0,0,0,0,0,0,0,0,0,0,0,0,0,0,0,
283,,1,0,[0|0|0],0,0,150,999,0,0,0,0,0,0,0,0,1,0,0,[0],0,0,60,50,38,[0],19.86,160.85,126.98,640018,0,76418,-1,0,0,-1,0,0,-1,0,0,-1,0,0,-1,0,0,-1,0,0,-1,0,0,0,0,0,0,0,0,0,0,-1,0,0,0,-1,-1,-1,0,1,0,[0|0|0|0|0|0|0|0|0],0,0,0,0,0,0,0,0,0,0,0,0,0,0,0,0,
284,,1,0,[0|0|0],0,0,150,999,0,0,0,0,0,0,0,0,1,0,0,[0],0,0,60,51,36,[0],81.61,91.82,18.93,640010,1051360800,76419,-1,0,0,-1,0,0,-1,0,0,-1,0,0,-1,0,0,-1,0,0,-1,0,0,0,0,0,0,0,0,0,0,-1,0,0,0,-1,-1,-1,0,1,0,[0|0|0|0|0|0|0|0|0],0,0,0,0,0,0,0,0,0,0,0,0,0,0,0,0,
285,,1,0,[0|0|0],0,0,150,999,0,0,0,0,0,0,0,0,1,0,0,[0],0,0,60,51,36,[0],93.126,90.76,-40.192,640011,0,76420,-1,0,0,-1,0,0,-1,0,0,-1,0,0,-1,0,0,-1,0,0,-1,0,0,0,0,0,0,0,0,0,0,-1,0,0,0,-1,-1,-1,0,1,0,[0|0|0|0|0|0|0|0|0],0,0,0,0,0,0,0,0,0,0,0,0,0,0,0,0,
286,,1,0,[0|0|0],0,0,150,999,0,0,0,0,0,0,0,0,1,0,0,[0],0,0,60,52,38,[0],-43.54,34.29,-41.89,640014,1252380800,76422,-1,0,0,-1,0,0,-1,0,0,-1,0,0,-1,0,0,-1,0,0,-1,0,0,0,0,0,0,0,0,0,0,-1,0,0,0,-1,-1,-1,0,1,0,[0|0|0|0|0|0|0|0|0],0,0,0,0,0,0,0,0,0,0,0,0,0,0,0,0,
287,,1,0,[0|0|0],0,0,150,999,0,0,0,0,0,0,0,0,1,0,0,[0],0,0,60,48,40,[0],109.25,186.56,62.84,640020,0,76450,-1,0,0,-1,0,0,-1,0,0,-1,0,0,-1,0,0,-1,0,0,-1,0,0,0,0,0,0,0,0,0,0,-1,0,0,0,-1,-1,-1,0,1,0,[0|0|0|0|0|0|0|0|0],0,0,0,0,0,0,0,0,0,0,0,0,0,0,0,0,
288,,1,0,[0|0|0],0,0,799,999,0,0,0,0,0,0,0,0,1,0,0,[0],0,0,60,48,41,[0],-85.99,226.31,-87.14,640006,0,76451,9245003,0,76451,-1,0,0,-1,0,0,-1,0,0,-1,0,0,-1,0,0,-1,0,0,0,0,0,0,0,0,0,0,-1,0,0,0,-1,-1,-1,0,1,0,[0|0|0|0|0|0|0|0|0],0,0,0,0,0,0,0,0,0,0,0,0,0,0,0,0,
289,,1,0,[0|0|0],0,0,150,999,0,0,0,0,0,0,0,0,1,0,0,[0],0,0,60,50,40,[0],76.04,155.39,124.15,640022,0,76452,-1,0,0,-1,0,0,-1,0,0,-1,0,0,-1,0,0,-1,0,0,-1,0,0,0,0,0,0,0,0,0,0,-1,0,0,0,-1,-1,-1,0,1,0,[0|0|0|0|0|0|0|0|0],0,0,0,0,0,0,0,0,0,0,0,0,0,0,0,0,
290,,1,0,[0|0|0],0,0,150,999,0,0,0,0,0,0,0,0,1,0,0,[0],0,0,60,51,39,[0],-79.37,257.02,123.39,640021,0,76453,-1,0,0,-1,0,0,-1,0,0,-1,0,0,-1,0,0,-1,0,0,-1,0,0,0,0,0,0,0,0,0,0,-1,0,0,0,-1,-1,-1,0,1,0,[0|0|0|0|0|0|0|0|0],0,0,0,0,0,0,0,0,0,0,0,0,0,0,0,0,
291,,1,0,[0|0|0],0,0,150,999,0,0,0,0,0,0,0,0,1,0,0,[0],0,0,60,51,43,[0],-47.14,345.36,15.59,640025,0,76454,-1,0,0,-1,0,0,-1,0,0,-1,0,0,-1,0,0,-1,0,0,-1,0,0,0,0,0,0,0,0,0,0,-1,0,0,0,-1,-1,-1,0,1,0,[0|0|0|0|0|0|0|0|0],0,0,0,0,0,0,0,0,0,0,0,0,0,0,0,0,
292,,1,0,[0|0|0],0,0,150,999,0,0,0,0,0,0,0,0,1,0,0,[0],0,0,60,52,41,[0],23.46,219.01,6.63,640023,0,76455,-1,0,0,-1,0,0,-1,0,0,-1,0,0,-1,0,0,-1,0,0,-1,0,0,0,0,0,0,0,0,0,0,-1,0,0,0,-1,-1,-1,0,1,0,[0|0|0|0|0|0|0|0|0],0,0,0,0,0,0,0,0,0,0,0,0,0,0,0,0,
293,,1,0,[0|0|0],0,0,150,999,0,0,0,0,0,0,0,0,1,0,0,[0],0,0,60,52,42,[0],-108.62,252.31,26.08,640024,0,76456,-1,0,0,-1,0,0,-1,0,0,-1,0,0,-1,0,0,-1,0,0,-1,0,0,0,0,0,0,0,0,0,0,-1,0,0,0,-1,-1,-1,0,1,0,[0|0|0|0|0|0|0|0|0],0,0,0,0,0,0,0,0,0,0,0,0,0,0,0,0,
294,,1,0,[0|0|0],0,0,150,999,0,0,0,0,0,0,0,0,1,0,0,[0],0,0,60,47,51,[0],-4.64,999.19,-24.16,650000,0,76500,-1,0,0,-1,0,0,-1,0,0,-1,0,0,-1,0,0,-1,0,0,-1,0,0,0,0,0,0,0,0,0,0,-1,0,0,0,-1,-1,-1,0,1,0,[0|0|0|0|0|0|0|0|0],0,0,0,0,0,0,0,0,0,0,0,0,0,0,0,0,
295,,1,0,[0|0|0],0,0,150,999,0,0,0,0,0,0,0,0,1,0,0,[0],0,0,60,49,53,[0],78.93,1559.27,100.96,650001,0,76501,-1,0,0,-1,0,0,-1,0,0,-1,0,0,-1,0,0,-1,0,0,-1,0,0,0,0,0,0,0,0,0,0,-1,0,0,0,-1,-1,-1,0,1,0,[0|0|0|0|0|0|0|0|0],0,0,0,0,0,0,0,0,0,0,0,0,0,0,0,0,
296,,1,0,[0|0|0],0,0,150,999,0,0,0,0,0,0,0,0,1,0,0,[0],0,0,60,49,53,[0],-8.04,1063.01,-100.13,650010,0,76502,-1,0,0,-1,0,0,-1,0,0,-1,0,0,-1,0,0,-1,0,0,-1,0,0,0,0,0,0,0,0,0,0,-1,0,0,0,-1,-1,-1,0,1,0,[0|0|0|0|0|0|0|0|0],0,0,0,0,0,0,0,0,0,0,0,0,0,0,0,0,
297,,1,0,[0|0|0],0,0,150,999,0,0,0,0,0,0,0,0,1,0,0,[0],0,0,60,51,56,[0],-2.86,1611.14,-43.15,650002,0,76503,-1,0,0,-1,0,0,-1,0,0,-1,0,0,-1,0,0,-1,0,0,-1,0,0,0,0,0,0,0,0,0,0,-1,0,0,0,-1,-1,-1,0,1,0,[0|0|0|0|0|0|0|0|0],0,0,0,0,0,0,0,0,0,0,0,0,0,0,0,0,
298,,1,0,[0|0|0],0,0,150,999,0,0,0,0,0,0,0,0,1,0,0,[0],0,0,60,52,57,[0],82.48,1625.79,77.83,650003,0,76504,-1,0,0,-1,0,0,-1,0,0,-1,0,0,-1,0,0,-1,0,0,-1,0,0,0,0,0,0,0,0,0,0,-1,0,0,0,-1,-1,-1,0,1,0,[0|0|0|0|0|0|0|0|0],0,0,0,0,0,0,0,0,0,0,0,0,0,0,0,0,
299,,1,0,[0|0|0],0,0,150,999,0,0,0,0,0,0,0,0,1,0,0,[0],0,0,60,54,55,[0],-30.39,1625.56,62.3,650004,0,76505,-1,0,0,-1,0,0,-1,0,0,-1,0,0,-1,0,0,-1,0,0,-1,0,0,0,0,0,0,0,0,0,0,-1,0,0,0,-1,-1,-1,0,1,0,[0|0|0|0|0|0|0|0|0],0,0,0,0,0,0,0,0,0,0,0,0,0,0,0,0,
300,,1,0,[0|0|0],0,0,150,999,0,0,0,0,0,0,0,0,1,0,0,[0],0,0,60,52,54,[0],-53.68,1706.52,66.82,650005,0,76506,-1,0,0,-1,0,0,-1,0,0,-1,0,0,-1,0,0,-1,0,0,-1,0,0,0,0,0,0,0,0,0,0,-1,0,0,0,-1,-1,-1,0,1,0,[0|0|0|0|0|0|0|0|0],0,0,0,0,0,0,0,0,0,0,0,0,0,0,0,0,
301,,1,0,[0|0|0],0,0,150,999,0,0,0,0,0,0,0,0,1,0,0,[0],0,0,60,51,53,[0],-58.98,1802.52,-69.47,650006,0,76507,-1,0,0,-1,0,0,-1,0,0,-1,0,0,-1,0,0,-1,0,0,-1,0,0,0,0,0,0,0,0,0,0,-1,0,0,0,-1,-1,-1,0,1,0,[0|0|0|0|0|0|0|0|0],0,0,0,0,0,0,0,0,0,0,0,0,0,0,0,0,
302,,1,0,[0|0|0],0,0,150,999,0,0,0,0,0,0,0,0,1,0,0,[0],0,0,60,52,53,[0],-79.18,1802.8,-46.09,650007,0,76508,-1,0,0,-1,0,0,-1,0,0,-1,0,0,-1,0,0,-1,0,0,-1,0,0,0,0,0,0,0,0,0,0,-1,0,0,0,-1,-1,-1,0,1,0,[0|0|0|0|0|0|0|0|0],0,0,0,0,0,0,0,0,0,0,0,0,0,0,0,0,
303,,1,0,[0|0|0],0,0,150,999,0,0,0,0,0,0,0,0,1,0,0,[0],0,0,60,53,52,[0],-84.4,1878.88,26.1,650008,1052520800,76509,-1,0,0,-1,0,0,-1,0,0,-1,0,0,-1,0,0,-1,0,0,-1,0,0,0,0,0,0,0,0,0,0,-1,0,0,0,-1,-1,-1,0,1,0,[0|0|0|0|0|0|0|0|0],0,0,0,0,0,0,0,0,0,0,0,0,0,0,0,0,
304,,1,0,[0|0|0],0,0,150,999,0,0,0,0,0,0,0,0,1,0,0,[0],0,0,60,54,53,[0],-21.77,1969.47,-21.11,650009,0,76510,-1,0,0,-1,0,0,-1,0,0,-1,0,0,-1,0,0,-1,0,0,-1,0,0,0,0,0,0,0,0,0,0,-1,0,0,0,-1,-1,-1,0,1,0,[0|0|0|0|0|0|0|0|0],0,0,0,0,0,0,0,0,0,0,0,0,0,0,0,0,
305,,1,0,[0|0|0],0,0,150,999,0,0,0,0,0,0,0,0,1,0,0,[0],0,0,60,52,56,[0],42.35,1667.12,-126.11,650050,0,76520,-1,0,0,-1,0,0,-1,0,0,-1,0,0,-1,0,0,-1,0,0,-1,0,0,0,0,0,0,0,0,0,0,-1,0,0,0,-1,-1,-1,0,1,0,[0|0|0|0|0|0|0|0|0],0,0,0,0,0,0,0,0,0,0,0,0,0,0,0,0,
306,,1,0,[0|0|0],0,0,150,999,0,0,0,0,0,0,0,0,1,0,0,[0],0,0,60,51,57,[0],121.4,1670.8,-39.36,650051,0,76521,-1,0,0,-1,0,0,-1,0,0,-1,0,0,-1,0,0,-1,0,0,-1,0,0,0,0,0,0,0,0,0,0,-1,0,0,0,-1,-1,-1,0,1,0,[0|0|0|0|0|0|0|0|0],0,0,0,0,0,0,0,0,0,0,0,0,0,0,0,0,
307,,1,0,[0|0|0],0,0,150,999,0,0,0,0,0,0,0,0,1,0,0,[0],0,0,60,51,57,[0],-15.99,1596.46,59.94,650052,0,76522,-1,0,0,-1,0,0,-1,0,0,-1,0,0,-1,0,0,-1,0,0,-1,0,0,0,0,0,0,0,0,0,0,-1,0,0,0,-1,-1,-1,0,1,0,[0|0|0|0|0|0|0|0|0],0,0,0,0,0,0,0,0,0,0,0,0,0,0,0,0,
308,,1,0,[0|0|0],0,0,150,999,0,0,0,0,0,0,0,0,1,0,0,[0],0,0,60,51,57,[0],73.15,1616.28,114.25,650053,0,76523,-1,0,0,-1,0,0,-1,0,0,-1,0,0,-1,0,0,-1,0,0,-1,0,0,0,0,0,0,0,0,0,0,-1,0,0,0,-1,-1,-1,0,1,0,[0|0|0|0|0|0|0|0|0],0,0,0,0,0,0,0,0,0,0,0,0,0,0,0,0,
309,,1,0,[0|0|0],0,0,150,999,0,0,0,0,0,0,0,0,1,0,0,[0],0,0,60,51,57,[0],82.5,1632.19,197.39,650054,1051570800,76524,-1,0,0,-1,0,0,-1,0,0,-1,0,0,-1,0,0,-1,0,0,-1,0,0,0,0,0,0,0,0,0,0,-1,0,0,0,-1,-1,-1,0,1,0,[0|0|0|0|0|0|0|0|0],0,0,0,0,0,0,0,0,0,0,0,0,0,0,0,0,
310,,1,0,[0|0|0],0,0,150,999,0,0,0,0,0,0,0,0,1,0,0,[0],0,0,60,49,54,[0],-97.72,1321.06,-3.74,651000,0,76550,-1,0,0,-1,0,0,-1,0,0,-1,0,0,-1,0,0,-1,0,0,-1,0,0,0,0,0,0,0,0,0,0,-1,0,0,0,-1,-1,-1,0,1,0,[0|0|0|0|0|0|0|0|0],0,0,0,0,0,0,0,0,0,0,0,0,0,0,0,0,
311,,1,0,[0|0|0],0,0,150,999,0,0,0,0,0,0,0,0,1,0,0,[0],0,0,60,49,55,[0],-104.47,1266.91,105.83,651001,0,76551,-1,0,0,-1,0,0,-1,0,0,-1,0,0,-1,0,0,-1,0,0,-1,0,0,0,0,0,0,0,0,0,0,-1,0,0,0,-1,-1,-1,0,1,0,[0|0|0|0|0|0|0|0|0],0,0,0,0,0,0,0,0,0,0,0,0,0,0,0,0,
312,,1,0,[0|0|0],0,0,150,999,0,0,0,0,0,0,0,0,1,0,0,[0],0,0,60,48,57,[0],30.61,1285.94,-35.67,651002,0,76652,-1,0,0,-1,0,0,-1,0,0,-1,0,0,-1,0,0,-1,0,0,-1,0,0,0,0,0,0,0,0,0,0,-1,0,0,0,-1,-1,-1,0,1,0,[0|0|0|0|0|0|0|0|0],0,0,0,0,0,0,0,0,0,0,0,0,0,0,0,0,
313,,1,0,[0|0|0],0,0,150,999,0,0,0,0,0,0,0,0,1,0,0,[0],0,0,60,47,58,[0],50.95,1290.69,-32.33,651003,0,76653,-1,0,0,-1,0,0,-1,0,0,-1,0,0,-1,0,0,-1,0,0,-1,0,0,0,0,0,0,0,0,0,0,-1,0,0,0,-1,-1,-1,0,1,0,[0|0|0|0|0|0|0|0|0],0,0,0,0,0,0,0,0,0,0,0,0,0,0,0,0,
498,,1,0,[0|0|0],0,0,0,999,0,0,0,0,0,0,0,0,1,0,0,[0],0,0,0,0,0,[0],0,0,0,-1,0,0,-1,0,0,-1,0,0,-1,0,0,-1,0,0,-1,0,0,-1,0,0,-1,0,0,0,0,0,0,0,0,0,0,-1,0,0,0,-1,-1,-1,0,1,0,[0|0|0|0|0|0|0|0|0],0,0,0,0,0,0,0,0,0,0,0,0,0,0,0,0,
499,,1,0,[0|0|0],0,0,151,999,0,0,0,0,0,0,0,0,1,0,0,[0],0,0,0,0,0,[0],0,0,0,-1,0,0,-1,0,0,-1,0,0,-1,0,0,-1,0,0,-1,0,0,-1,0,0,-1,0,0,0,0,0,0,0,0,0,0,-1,0,0,0,-1,-1,-1,0,1,0,[0|0|0|0|0|0|0|0|0],0,0,0,0,0,0,0,0,0,0,0,0,0,0,0,0,
500,,1,0,[0|0|0],0,0,151,999,0,0,0,0,0,0,0,0,1,0,0,[0],0,0,31,3,0,[0],-120.769,88.181,80.797,903970310,0,31030800,9045500,0,31030800,31030,0,31030800,-1,0,0,-1,0,0,-1,0,0,-1,0,0,-1,0,0,1,0,0,0,0,0,0,0,-1,0,0,0,-1,-1,-1,0,1,0,[0|0|0|0|0|0|0|0|0],0,0,0,0,0,0,0,0,0,0,0,0,0,0,0,0,
501,,1,0,[0|0|0],0,0,151,999,0,0,0,0,0,0,0,0,1,0,0,[0],0,0,60,42,38,[0],11.625,188.006,90.45,903100600,0,1042380850,9021600,0,1042380850,9200000,0,1042380850,-1,0,0,-1,0,0,-1,0,0,-1,0,0,-1,0,0,1,0,0,0,0,0,0,0,-1,0,0,0,-1,-1,-1,0,1,0,[0|0|0|0|0|0|0|0|0],0,0,0,0,0,0,0,0,0,0,0,0,0,0,0,0,
502,,1,0,[0|0|0],0,0,151,999,0,0,0,0,0,0,0,0,1,0,0,[0],0,0,30,11,0,[0],-210.28,177.484,21.417,902100300,0,30110800,9012900,0,30110800,30110,0,30110800,-1,0,0,-1,0,0,-1,0,0,-1,0,0,-1,0,0,1,0,0,0,0,0,0,0,-1,0,0,0,-1,-1,-1,0,1,0,[0|0|0|0|0|0|0|0|0],0,0,0,0,0,0,0,0,0,0,0,0,0,0,0,0,
503,,1,0,[0|0|0],0,0,151,999,0,0,0,0,0,0,0,0,1,0,0,[0],0,0,60,44,35,[0],-17.346,104.463,-114.94,904290520,0,1044350800,9019800,0,1044350800,-1,0,0,-1,0,0,-1,0,0,-1,0,0,-1,0,0,-1,0,0,1,0,0,0,0,0,0,0,-1,0,0,0,-1,-1,-1,0,1,0,[0|0|0|0|0|0|0|0|0],0,0,0,0,0,0,0,0,0,0,0,0,0,0,0,0,
504,,1,0,[0|0|0],0,0,151,999,0,0,0,0,0,0,0,0,1,0,0,[0],0,0,60,42,37,[0],-66.025,158.278,44.038,902500301,0,1042370800,9012700,0,1042370800,-1,0,0,-1,0,0,-1,0,0,-1,0,0,-1,0,0,-1,0,0,1,0,0,0,0,0,0,0,-1,0,0,0,-1,-1,-1,0,1,0,[0|0|0|0|0|0|0|0|0],0,0,0,0,0,0,0,0,0,0,0,0,0,0,0,0,
505,,1,0,[0|0|0],0,0,151,999,0,0,0,0,0,0,0,0,1,0,0,[0],0,0,60,42,38,[0],126.593,183.082,54.578,904980601,0,1042380800,9020900,0,1042380800,9200000,0,1042380800,-1,0,0,-1,0,0,-1,0,0,-1,0,0,-1,0,0,1,0,0,0,0,0,0,0,-1,0,0,0,-1,-1,-1,0,1,0,[0|0|0|0|0|0|0|0|0],0,0,0,0,0,0,0,0,0,0,0,0,0,0,0,0,
506,,1,0,[0|0|0],0,0,151,999,0,0,0,0,0,0,0,0,1,0,0,[0],0,0,31,15,0,[0],30.939,-29.33,-99.891,904120310,0,31150800,904120311,0,31150800,9110100,0,31150800,9120700,0,31150800,31150,0,31150800,-1,0,0,-1,0,0,-1,0,0,1,1,0,0,0,0,0,0,-1,0,0,0,-1,-1,-1,0,1,0,[0|0|0|0|0|0|0|0|0],0,0,0,0,0,0,0,0,0,0,0,0,0,0,0,0,
507,,1,0,[0|0|0],0,0,151,999,0,0,0,0,0,0,0,0,1,0,0,[0],0,0,30,2,0,[0],102.274,94.7,73.352,904260300,0,30020800,9086400,0,30020800,30020,0,30020800,-1,0,0,-1,0,0,-1,0,0,-1,0,0,-1,0,0,1,0,0,0,0,0,0,0,-1,0,0,0,-1,-1,-1,0,1,0,[0|0|0|0|0|0|0|0|0],0,0,0,0,0,0,0,0,0,0,0,0,0,0,0,0,
508,,1,0,[0|0|0],0,0,151,999,0,0,0,0,0,0,0,0,1,0,0,[0],0,0,60,43,36,[0],-73.89,64.988,65.087,904500600,0,1043360800,9035900,0,1043360800,-1,0,0,-1,0,0,-1,0,0,-1,0,0,-1,0,0,-1,0,0,1,0,0,0,0,0,0,0,-1,0,0,0,-1,-1,-1,0,1,0,[0|0|0|0|0|0|0|0|0],0,0,0,0,0,0,0,0,0,0,0,0,0,0,0,0,
509,,1,0,[0|0|0],0,0,151,999,0,0,0,0,0,0,0,0,1,0,0,[0],0,0,10,0,0,[0],-235.646,73.756,348.293,904750000,0,10000800,9053300,0,10000800,9101000,0,10000800,10000,0,10000800,-1,0,0,-1,0,0,-1,0,0,-1,0,0,1,0,0,0,0,0,0,0,-1,0,0,0,-1,-1,-1,0,1,0,[0|0|0|0|0|0|0|0|0],0,0,0,0,0,0,0,0,0,0,0,0,0,0,0,0,
510,,1,0,[0|0|0],0,0,151,999,0,0,0,0,0,0,0,0,1,0,0,[0],0,0,30,4,0,[0],-16.758,46.104,92.348,903400300,0,30040800,9131900,0,30040800,30040,0,30040800,-1,0,0,-1,0,0,-1,0,0,-1,0,0,-1,0,0,1,0,0,0,0,0,0,0,-1,0,0,0,-1,-1,-1,0,1,0,[0|0|0|0|0|0|0|0|0],0,0,0,0,0,0,0,0,0,0,0,0,0,0,0,0,
511,,1,0,[0|0|0],0,0,151,999,0,0,0,0,0,0,0,0,1,0,0,[0],0,0,31,17,0,[0],74.418,-9.862,148.682,904660310,0,31170800,9020400,0,31170800,31170,0,31170800,-1,0,0,-1,0,0,-1,0,0,-1,0,0,-1,0,0,1,0,0,0,0,0,0,0,-1,0,0,0,-1,-1,-1,0,1,0,[0|0|0|0|0|0|0|0|0],0,0,0,0,0,0,0,0,0,0,0,0,0,0,0,0,
512,,1,0,[0|0|0],0,0,151,999,0,0,0,0,0,0,0,0,1,0,0,[0],0,0,60,44,36,[0],17.919,80.799,31.133,904340540,0,1044360800,-1,0,0,-1,0,0,-1,0,0,-1,0,0,-1,0,0,-1,0,0,-1,0,0,1,0,0,0,0,0,0,0,-1,0,0,0,-1,-1,-1,0,1,0,[0|0|0|0|0|0|0|0|0],0,0,0,0,0,0,0,0,0,0,0,0,0,0,0,0,
513,,1,0,[0|0|0],0,0,151,999,0,0,0,0,0,0,0,0,1,0,0,[0],0,0,10,0,0,[0],-18.624,-2.601,-17.351,902130000,0,10000850,9120900,0,60510,10000,0,10000850,-1,0,0,-1,0,0,-1,0,0,-1,0,0,-1,0,0,1,0,0,0,0,0,0,0,-1,0,0,0,-1,-1,-1,0,1,0,[0|0|0|0|0|0|0|0|0],0,0,0,0,0,0,0,0,0,0,0,0,0,0,0,0,
514,,1,0,[0|0|0],0,0,151,999,0,0,0,0,0,0,0,0,1,0,0,[0],0,0,60,43,37,[0],66.377,90.88,-95.647,903150600,0,1043370800,9009700,0,1043370800,9200000,0,1043370800,-1,0,0,-1,0,0,-1,0,0,-1,0,0,-1,0,0,1,0,0,0,0,0,0,0,-1,0,0,0,-1,-1,-1,0,1,0,[0|0|0|0|0|0|0|0|0],0,0,0,0,0,0,0,0,0,0,0,0,0,0,0,0,
515,,1,0,[0|0|0],0,0,151,999,0,0,0,0,0,0,0,0,1,0,0,[0],0,0,31,0,0,[0],24.835,52.972,54.042,130900,0,31000800,9116200,0,31000800,9072100,0,31000800,9072300,0,31000800,9072200,0,31000800,9092900,0,31000800,31000,0,31000800,-1,0,0,1,0,0,0,0,0,0,0,-1,0,0,0,-1,-1,-1,0,1,0,[0|0|0|0|0|0|0|0|0],0,0,0,0,0,0,0,0,0,0,0,0,0,0,0,0,
516,,1,0,[0|0|0],0,0,151,999,0,0,0,0,0,0,0,0,1,0,0,[0],0,0,18,0,0,[0],-40.941,10.486,41.092,904311000,0,18000850,18000,0,18000850,-1,0,0,-1,0,0,-1,0,0,-1,0,0,-1,0,0,-1,0,0,1,0,0,0,0,0,0,0,-1,0,0,0,-1,-1,-1,0,1,0,[0|0|0|0|0|0|0|0|0],0,0,0,0,0,0,0,0,0,0,0,0,0,0,0,0,
517,,1,0,[0|0|0],0,0,151,999,0,0,0,0,0,0,0,0,1,0,0,[0],0,0,32,1,0,[0],27.704,-30.433,-0.793,904600320,0,32010800,9102400,0,32010800,32010,0,32010800,-1,0,0,-1,0,0,-1,0,0,-1,0,0,-1,0,0,1,0,0,0,0,0,0,0,-1,0,0,0,-1,-1,-1,0,1,0,[0|0|0|0|0|0|0|0|0],0,0,0,0,0,0,0,0,0,0,0,0,0,0,0,0,
518,,1,0,[0|0|0],0,0,151,999,0,0,0,0,0,0,0,0,1,0,0,[0],0,0,60,45,39,[0],-35.05,92.19,1.295,904950600,0,1045390800,9132000,0,1045390800,9112100,0,1045390800,-1,0,0,-1,0,0,-1,0,0,-1,0,0,-1,0,0,1,0,0,0,0,0,0,0,-1,0,0,0,-1,-1,-1,0,1,0,[0|0|0|0|0|0|0|0|0],0,0,0,0,0,0,0,0,0,0,0,0,0,0,0,0,
519,,1,0,[0|0|0],0,0,151,999,0,0,0,0,0,0,0,0,1,0,0,[0],0,0,60,42,36,[0],-12.138,88.955,46.773,903251600,0,1042360800,9055700,0,1042360800,-1,0,0,-1,0,0,-1,0,0,-1,0,0,-1,0,0,-1,0,0,1,0,0,0,0,0,0,0,-1,0,0,0,-1,-1,-1,0,1,0,[0|0|0|0|0|0|0|0|0],0,0,0,0,0,0,0,0,0,0,0,0,0,0,0,0,
520,,1,0,[0|0|0],0,0,151,999,0,0,0,0,0,0,0,0,1,0,0,[0],0,0,18,0,0,[0],29.502,-111.59,53.466,904640000,0,18000800,9132100,0,18000800,9014000,0,18000800,18001,0,18000800,-1,0,0,-1,0,0,-1,0,0,-1,0,0,1,0,0,0,0,0,0,0,-1,0,0,0,-1,-1,-1,0,1,0,[0|0|0|0|0|0|0|0|0],0,0,0,0,0,0,0,0,0,0,0,0,0,0,0,0,
521,,1,0,[0|0|0],0,0,151,999,0,0,0,0,0,0,0,0,1,0,0,[0],0,0,60,42,33,[0],-110,18.82,106,907100300,0,1042330800,9097600,0,1042330800,-1,0,0,-1,0,0,-1,0,0,-1,0,0,-1,0,0,-1,0,0,1,0,0,0,0,0,0,0,-1,0,0,0,-1,-1,-1,0,1,0,[0|0|0|0|0|0|0|0|0],0,0,0,0,0,0,0,0,0,0,0,0,0,0,0,0,
522,,1,0,[0|0|0],0,0,151,999,0,0,0,0,0,0,0,0,1,0,0,[0],0,0,30,0,0,[0],1.875,46.724,65.574,903664300,0,30000800,9121700,0,30000800,30000,0,30000800,-1,0,0,-1,0,0,-1,0,0,-1,0,0,-1,0,0,1,0,0,0,0,0,0,0,-1,0,0,0,-1,-1,-1,0,1,0,[0|0|0|0|0|0|0|0|0],0,0,0,0,0,0,0,0,0,0,0,0,0,0,0,0,
523,,1,0,[0|0|0],0,0,151,999,0,0,0,0,0,0,0,0,1,0,0,[0],0,0,60,44,32,[0],-110.078,42.978,12.02,904980602,0,1044320800,9106500,0,1044320800,9200000,0,1044320800,-1,0,0,-1,0,0,-1,0,0,-1,0,0,-1,0,0,1,0,0,0,0,0,0,0,-1,0,0,0,-1,-1,-1,0,1,0,[0|0|0|0|0|0|0|0|0],0,0,0,0,0,0,0,0,0,0,0,0,0,0,0,0,
524,,1,0,[0|0|0],0,0,151,999,0,0,0,0,0,0,0,0,1,0,0,[0],0,0,60,43,33,[0],-55.753,83.065,18.901,904810600,0,1043330800,9030400,0,65090,9092100,0,65080,-1,0,0,-1,0,0,-1,0,0,-1,0,0,-1,0,0,1,0,0,0,0,0,0,0,-1,0,0,0,-1,-1,-1,0,1,0,[0|0|0|0|0|0|0|0|0],0,0,0,0,0,0,0,0,0,0,0,0,0,0,0,0,
525,,1,0,[0|0|0],0,0,151,999,0,0,0,0,0,0,0,0,1,0,0,[0],0,0,30,1,0,[0],-34.557,23.119,-155.671,904260301,0,30010800,9034600,0,30010800,30010,0,30010800,-1,0,0,-1,0,0,-1,0,0,-1,0,0,-1,0,0,1,0,0,0,0,0,0,0,-1,0,0,0,-1,-1,-1,0,1,0,[0|0|0|0|0|0|0|0|0],0,0,0,0,0,0,0,0,0,0,0,0,0,0,0,0,
526,,1,0,[0|0|0],0,0,151,999,0,0,0,0,0,0,0,0,1,0,0,[0],0,0,60,43,30,[0],-30.462,0.475,-7.445,903460500,0,1043300800,9018000,0,1043300800,6112500,0,1043300800,-1,0,0,-1,0,0,-1,0,0,-1,0,0,-1,0,0,1,0,0,0,0,0,0,0,-1,0,0,0,-1,-1,-1,0,1,0,[0|0|0|0|0|0|0|0|0],0,0,0,0,0,0,0,0,0,0,0,0,0,0,0,0,
527,,1,0,[0|0|0],0,0,151,999,0,0,0,0,0,0,0,0,1,0,0,[0],0,0,31,2,0,[0],-311.058,-28.918,-27.177,904480310,0,31020800,9127300,0,31020800,31020,0,31020800,-1,0,0,-1,0,0,-1,0,0,-1,0,0,-1,0,0,1,0,0,0,0,0,0,0,-1,0,0,0,-1,-1,-1,0,1,0,[0|0|0|0|0|0|0|0|0],0,0,0,0,0,0,0,0,0,0,0,0,0,0,0,0,
528,,1,0,[0|0|0],0,0,151,999,0,0,0,0,0,0,0,0,1,0,0,[0],0,0,60,44,32,[0],36.034,41.773,98.873,903150601,0,1044320850,9086100,0,1044320850,9005700,0,1044320850,9200000,0,1044320850,-1,0,0,-1,0,0,-1,0,0,-1,0,0,1,0,0,0,0,0,0,0,-1,0,0,0,-1,-1,-1,0,1,0,[0|0|0|0|0|0|0|0|0],0,0,0,0,0,0,0,0,0,0,0,0,0,0,0,0,
529,,1,0,[0|0|0],0,0,151,999,0,0,0,0,0,0,0,0,1,0,0,[0],0,0,31,1,0,[0],-146.914,-39.934,-144.925,904630310,0,31010800,9117000,0,31010800,31010,0,31010800,-1,0,0,-1,0,0,-1,0,0,-1,0,0,-1,0,0,1,0,0,0,0,0,0,0,-1,0,0,0,-1,-1,-1,0,1,0,[0|0|0|0|0|0|0|0|0],0,0,0,0,0,0,0,0,0,0,0,0,0,0,0,0,
530,,1,0,[0|0|0],0,0,151,999,0,0,0,0,0,0,0,0,1,0,0,[0],0,0,32,0,0,[0],83.314,-24.549,-25.44,903451320,0,32000800,9105700,0,32000800,32000,0,32000800,-1,0,0,-1,0,0,-1,0,0,-1,0,0,-1,0,0,1,0,0,0,0,0,0,0,-1,0,0,0,-1,-1,-1,0,1,0,[0|0|0|0|0|0|0|0|0],0,0,0,0,0,0,0,0,0,0,0,0,0,0,0,0,
531,,1,0,[0|0|0],0,0,151,999,0,0,0,0,0,0,0,0,1,0,0,[0],0,0,60,38,41,[0],-4,256,-104,135600,0,1038410800,9045100,0,1038410800,-1,0,0,-1,0,0,-1,0,0,-1,0,0,-1,0,0,-1,0,0,1,0,0,0,0,0,0,0,-1,0,0,0,-1,-1,-1,0,1,0,[0|0|0|0|0|0|0|0|0],0,0,0,0,0,0,0,0,0,0,0,0,0,0,0,0,
532,,1,0,[0|0|0],0,0,151,999,0,0,0,0,0,0,0,0,1,0,0,[0],0,0,60,36,50,[0],100,378,16,903600320,0,1036500800,9081600,0,1036500800,-1,0,0,-1,0,0,-1,0,0,-1,0,0,-1,0,0,-1,0,0,1,0,0,0,0,0,0,0,-1,0,0,0,-1,-1,-1,0,1,0,[0|0|0|0|0|0|0|0|0],0,0,0,0,0,0,0,0,0,0,0,0,0,0,0,0,
533,,1,0,[0|0|0],0,0,151,999,0,0,0,0,0,0,0,0,1,0,0,[0],0,0,60,33,42,[0],-32,345.191,68,902100521,0,1033420800,9017200,0,1033420800,62002,0,1033420800,-1,0,0,-1,0,0,-1,0,0,-1,0,0,-1,0,0,1,0,0,0,0,0,0,0,-1,0,0,0,-1,-1,-1,0,1,0,[0|0|0|0|0|0|0|0|0],0,0,0,0,0,0,0,0,0,0,0,0,0,0,0,0,
534,,1,0,[0|0|0],0,0,151,999,0,0,0,0,0,0,0,0,1,0,0,[0],0,0,60,37,46,[0],-48.464,398.292,9.811,903100600,0,1037460800,9080600,0,1037460800,9200000,0,1037460800,-1,0,0,-1,0,0,-1,0,0,-1,0,0,-1,0,0,1,0,0,0,0,0,0,0,-1,0,0,0,-1,-1,-1,0,1,0,[0|0|0|0|0|0|0|0|0],0,0,0,0,0,0,0,0,0,0,0,0,0,0,0,0,
535,,1,0,[0|0|0],0,0,151,999,0,0,0,0,0,0,0,0,1,0,0,[0],0,0,30,5,0,[0],-240.845,411.5,16.746,902100301,0,30050850,9012800,0,30050850,9017300,0,30050850,30050,0,30050850,-1,0,0,-1,0,0,-1,0,0,-1,0,0,1,0,0,0,0,0,0,0,-1,0,0,0,-1,-1,-1,0,1,0,[0|0|0|0|0|0|0|0|0],0,0,0,0,0,0,0,0,0,0,0,0,0,0,0,0,
536,,1,0,[0|0|0],0,0,151,999,0,0,0,0,0,0,0,0,1,0,0,[0],0,0,31,5,0,[0],-169.342,160.969,-22.972,904290310,0,31050800,9024800,0,31050800,31050,0,31050800,-1,0,0,-1,0,0,-1,0,0,-1,0,0,-1,0,0,1,0,0,0,0,0,0,0,-1,0,0,0,-1,-1,-1,0,1,0,[0|0|0|0|0|0|0|0|0],0,0,0,0,0,0,0,0,0,0,0,0,0,0,0,0,
537,,1,0,[0|0|0],0,0,151,999,0,0,0,0,0,0,0,0,1,0,0,[0],0,0,60,33,45,[0],-29.901,243.16,-38.051,904600520,0,1033450800,9061700,0,1033450800,-1,0,0,-1,0,0,-1,0,0,-1,0,0,-1,0,0,-1,0,0,1,0,0,0,0,0,0,0,-1,0,0,0,-1,-1,-1,0,1,0,[0|0|0|0|0|0|0|0|0],0,0,0,0,0,0,0,0,0,0,0,0,0,0,0,0,
538,,1,0,[0|0|0],0,0,151,999,0,0,0,0,0,0,0,0,1,0,0,[0],0,0,30,5,0,[0],-188.168,406.204,120.639,903664300,0,30050800,9125800,0,30050800,30050,0,30050800,-1,0,0,-1,0,0,-1,0,0,-1,0,0,-1,0,0,1,0,0,0,0,0,0,0,-1,0,0,0,-1,-1,-1,0,1,0,[0|0|0|0|0|0|0|0|0],0,0,0,0,0,0,0,0,0,0,0,0,0,0,0,0,
539,,1,0,[0|0|0],0,0,151,999,0,0,0,0,0,0,0,0,1,0,0,[0],0,0,31,4,0,[0],98.03,199.762,-166.709,903800310,0,31040800,9130600,0,31040800,31040,0,31040800,-1,0,0,-1,0,0,-1,0,0,-1,0,0,-1,0,0,1,0,0,0,0,0,0,0,-1,0,0,0,-1,-1,-1,0,1,0,[0|0|0|0|0|0|0|0|0],0,0,0,0,0,0,0,0,0,0,0,0,0,0,0,0,
540,,1,0,[0|0|0],0,0,151,999,0,0,0,0,0,0,0,0,1,0,0,[0],0,0,31,6,0,[0],191.276,216.589,102.863,903350311,0,31060800,903350310,0,31060800,9032300,0,31060800,31060,0,31060800,-1,0,0,-1,0,0,-1,0,0,-1,0,0,1,1,0,0,0,0,0,0,-1,0,0,0,-1,-1,-1,0,1,0,[0|0|0|0|0|0|0|0|0],0,0,0,0,0,0,0,0,0,0,0,0,0,0,0,0,
541,,1,0,[0|0|0],0,0,151,999,0,0,0,0,0,0,0,0,1,0,0,[0],0,0,32,2,0,[0],13.051,110.763,21.882,903350320,0,32020800,9113400,0,520620,32020,0,32020800,-1,0,0,-1,0,0,-1,0,0,-1,0,0,-1,0,0,1,0,0,0,0,0,0,0,-1,0,0,0,-1,-1,-1,0,1,0,[0|0|0|0|0|0|0|0|0],0,0,0,0,0,0,0,0,0,0,0,0,0,0,0,0,
542,,1,0,[0|0|0],0,0,151,999,0,0,0,0,0,0,0,0,1,0,0,[0],0,0,60,37,42,[0],-58.095,237.647,98.44,904980602,0,1037420800,9099700,0,1037420800,9200000,0,1037420800,-1,0,0,-1,0,0,-1,0,0,-1,0,0,-1,0,0,1,0,0,0,0,0,0,0,-1,0,0,0,-1,-1,-1,0,1,0,[0|0|0|0|0|0|0|0|0],0,0,0,0,0,0,0,0,0,0,0,0,0,0,0,0,
543,,1,0,[0|0|0],0,0,151,999,0,0,0,0,0,0,0,0,1,0,0,[0],0,0,60,36,45,[0],-70.066,237.557,39.677,904980604,0,1036450800,9003300,0,1036450800,9200000,0,1036450800,-1,0,0,-1,0,0,-1,0,0,-1,0,0,-1,0,0,1,0,0,0,0,0,0,0,-1,0,0,0,-1,-1,-1,0,1,0,[0|0|0|0|0|0|0|0|0],0,0,0,0,0,0,0,0,0,0,0,0,0,0,0,0,
544,,1,0,[0|0|0],0,0,151,999,0,0,0,0,0,0,0,0,1,0,0,[0],0,0,60,38,48,[0],-30.168,404.115,-102.922,904810600,0,1038480800,9065500,0,65310,9073300,0,65300,9076400,0,65290,-1,0,0,-1,0,0,-1,0,0,-1,0,0,1,0,0,0,0,0,0,0,-1,0,0,0,-1,-1,-1,0,1,0,[0|0|0|0|0|0|0|0|0],0,0,0,0,0,0,0,0,0,0,0,0,0,0,0,0,
545,,1,0,[0|0|0],0,0,151,999,0,0,0,0,0,0,0,0,1,0,0,[0],0,0,60,33,43,[0],42.488,291.7,31.133,904810600,0,1033430800,9025100,0,65040,9105600,0,65160,-1,0,0,-1,0,0,-1,0,0,-1,0,0,-1,0,0,1,0,0,0,0,0,0,0,-1,0,0,0,-1,-1,-1,0,1,0,[0|0|0|0|0|0|0|0|0],0,0,0,0,0,0,0,0,0,0,0,0,0,0,0,0,
546,,1,0,[0|0|0],0,0,151,999,0,0,0,0,0,0,0,0,1,0,0,[0],0,0,30,6,0,[0],20.859,194.319,-18.721,904260301,0,30060800,9070000,0,30060800,30060,0,30060800,-1,0,0,-1,0,0,-1,0,0,-1,0,0,-1,0,0,1,0,0,0,0,0,0,0,-1,0,0,0,-1,-1,-1,0,1,0,[0|0|0|0|0|0|0|0|0],0,0,0,0,0,0,0,0,0,0,0,0,0,0,0,0,
547,,1,0,[0|0|0],0,0,151,999,0,0,0,0,0,0,0,0,1,0,0,[0],0,0,60,34,42,[0],128.241,401.772,-29.929,904502601,0,1034420800,9001100,0,1034420800,9035902,0,1034420800,62002,0,1034420800,-1,0,0,-1,0,0,-1,0,0,-1,0,0,1,0,0,0,0,0,0,0,-1,0,0,0,-1,-1,-1,0,1,0,[0|0|0|0|0|0|0|0|0],0,0,0,0,0,0,0,0,0,0,0,0,0,0,0,0,
548,,1,0,[0|0|0],0,0,151,999,0,0,0,0,0,0,0,0,1,0,0,[0],0,0,60,34,45,[0],-50.952,237.872,41.258,904502600,0,1034450800,9035900,0,1034450800,-1,0,0,-1,0,0,-1,0,0,-1,0,0,-1,0,0,-1,0,0,1,0,0,0,0,0,0,0,-1,0,0,0,-1,-1,-1,0,1,0,[0|0|0|0|0|0|0|0|0],0,0,0,0,0,0,0,0,0,0,0,0,0,0,0,0,
549,,1,0,[0|0|0],0,0,151,999,0,0,0,0,0,0,0,0,1,0,0,[0],0,0,10,1,0,[0],-41.748,21.325,-39.475,904690000,0,10010800,9092700,0,10010800,9055300,0,10010800,-1,0,0,-1,0,0,-1,0,0,-1,0,0,-1,0,0,1,0,0,0,0,0,0,0,-1,0,0,0,-1,-1,-1,0,1,0,[0|0|0|0|0|0|0|0|0],0,0,0,0,0,0,0,0,0,0,0,0,0,0,0,0,
550,,1,0,[0|0|0],0,0,151,999,0,0,0,0,0,0,0,0,1,0,0,[0],0,0,39,20,0,[0],-102.687,353.031,-1299.211,904910000,0,39200800,9076700,0,39200800,9035900,0,39200800,39200,0,39200800,-1,0,0,-1,0,0,-1,0,0,-1,0,0,1,0,0,0,0,0,0,0,-1,0,0,0,-1,-1,-1,0,1,0,[0|0|0|0|0|0|0|0|0],0,0,0,0,0,0,0,0,0,0,0,0,0,0,0,0,
551,,1,0,[0|0|0],0,0,151,999,0,0,0,0,0,0,0,0,1,0,0,[0],0,0,60,36,48,[0],25.622,321.602,28.91,903150602,0,1036480800,9086200,0,1036480800,9007400,0,1036480800,9200000,0,1036480800,-1,0,0,-1,0,0,-1,0,0,-1,0,0,1,0,0,0,0,0,0,0,-1,0,0,0,-1,-1,-1,0,1,0,[0|0|0|0|0|0|0|0|0],0,0,0,0,0,0,0,0,0,0,0,0,0,0,0,0,
552,,1,0,[0|0|0],0,0,151,999,0,0,0,0,0,0,0,0,1,0,0,[0],0,0,60,39,43,[0],-126.877,253.205,-8.625,903150602,0,1039430800,9008300,0,1039430800,9200000,0,1039430800,-1,0,0,-1,0,0,-1,0,0,-1,0,0,-1,0,0,1,0,0,0,0,0,0,0,-1,0,0,0,-1,-1,-1,0,1,0,[0|0|0|0|0|0|0|0|0],0,0,0,0,0,0,0,0,0,0,0,0,0,0,0,0,
553,,1,0,[0|0|0],0,0,151,999,0,0,0,0,0,0,0,0,1,0,0,[0],0,0,60,35,42,[0],-37.509,269.155,-17.679,904820310,0,1035420800,9031400,0,1035420800,-1,0,0,-1,0,0,-1,0,0,-1,0,0,-1,0,0,-1,0,0,1,0,0,0,0,0,0,0,-1,0,0,0,-1,-1,-1,0,1,0,[0|0|0|0|0|0|0|0|0],0,0,0,0,0,0,0,0,0,0,0,0,0,0,0,0,
554,,1,0,[0|0|0],0,0,151,999,0,0,0,0,0,0,0,0,1,0,0,[0],0,0,14,0,0,[0],149.225,110.182,-222.85,903181000,0,14000850,9132200,0,14000850,14000,0,14000850,-1,0,0,-1,0,0,-1,0,0,-1,0,0,-1,0,0,1,0,0,0,0,0,0,0,-1,0,0,0,-1,-1,-1,0,1,0,[0|0|0|0|0|0|0|0|0],0,0,0,0,0,0,0,0,0,0,0,0,0,0,0,0,
555,,1,0,[0|0|0],0,0,151,999,0,0,0,0,0,0,0,0,1,0,0,[0],0,0,14,0,0,[0],41.817,154.097,-24.05,120000,0,14000800,9061200,0,14000800,9100900,0,14000800,14000,0,14000800,-1,0,0,-1,0,0,-1,0,0,-1,0,0,1,0,0,0,0,0,0,0,-1,0,0,0,-1,-1,-1,0,1,0,[0|0|0|0|0|0|0|0|0],0,0,0,0,0,0,0,0,0,0,0,0,0,0,0,0,
556,,1,0,[0|0|0],0,0,151,999,0,0,0,0,0,0,0,0,1,0,0,[0],0,0,60,35,50,[0],-31.85,430.946,100.612,903253500,0,1035500800,9008800,0,1035500800,9074900,0,1035500800,6202600,0,1035500800,-1,0,0,-1,0,0,-1,0,0,-1,0,0,1,0,0,0,0,0,0,0,-1,0,0,0,-1,-1,-1,0,1,0,[0|0|0|0|0|0|0|0|0],0,0,0,0,0,0,0,0,0,0,0,0,0,0,0,0,
557,,1,0,[0|0|0],0,0,151,999,0,0,0,0,0,0,0,0,1,0,0,[0],0,0,60,34,48,[0],46.953,252.197,78.726,904020540,0,1034480800,-1,0,0,-1,0,0,-1,0,0,-1,0,0,-1,0,0,-1,0,0,-1,0,0,1,0,0,0,0,0,0,0,-1,0,0,0,-1,-1,-1,0,1,0,[0|0|0|0|0|0|0|0|0],0,0,0,0,0,0,0,0,0,0,0,0,0,0,0,0,
558,,1,0,[0|0|0],0,0,151,999,0,0,0,0,0,0,0,0,1,0,0,[0],0,0,30,3,0,[0],89.22,194.438,36.073,904140300,0,30030800,9052400,0,30030800,30030,0,30030800,-1,0,0,-1,0,0,-1,0,0,-1,0,0,-1,0,0,1,0,0,0,0,0,0,0,-1,0,0,0,-1,-1,-1,0,1,0,[0|0|0|0|0|0|0|0|0],0,0,0,0,0,0,0,0,0,0,0,0,0,0,0,0,
559,,1,0,[0|0|0],0,0,151,999,0,0,0,0,0,0,0,0,1,0,0,[0],0,0,60,39,44,[0],-81.594,294.788,-41.358,904950602,0,1039440800,9132000,0,1039440800,9111900,0,1039440800,-1,0,0,-1,0,0,-1,0,0,-1,0,0,-1,0,0,1,0,0,0,0,0,0,0,-1,0,0,0,-1,-1,-1,0,1,0,[0|0|0|0|0|0|0|0|0],0,0,0,0,0,0,0,0,0,0,0,0,0,0,0,0,
560,,1,0,[0|0|0],0,0,151,999,0,0,0,0,0,0,0,0,1,0,0,[0],0,0,60,49,39,[0],-90,162.75,12,903704520,0,1049390850,9014400,0,1049390850,-1,0,0,-1,0,0,-1,0,0,-1,0,0,-1,0,0,-1,0,0,1,0,0,0,0,0,0,0,-1,0,0,0,-1,-1,-1,0,1,0,[0|0|0|0|0|0|0|0|0],0,0,0,0,0,0,0,0,0,0,0,0,0,0,0,0,
561,,1,0,[0|0|0],0,0,151,999,0,0,0,0,0,0,0,0,1,0,0,[0],0,0,30,15,0,[0],125.709,24.204,258.026,903664300,0,30150800,9070400,0,30150800,30150,0,30150800,-1,0,0,-1,0,0,-1,0,0,-1,0,0,-1,0,0,1,0,0,0,0,0,0,0,-1,0,0,0,-1,-1,-1,0,1,0,[0|0|0|0|0|0|0|0|0],0,0,0,0,0,0,0,0,0,0,0,0,0,0,0,0,
562,,1,0,[0|0|0],0,0,151,999,0,0,0,0,0,0,0,0,1,0,0,[0],0,0,31,20,0,[0],168.488,86.361,146.319,903800311,0,31200800,903800312,0,31200800,9054700,0,31200800,31200,0,31200800,-1,0,0,-1,0,0,-1,0,0,-1,0,0,1,1,0,0,0,0,0,0,-1,0,0,0,-1,-1,-1,0,1,0,[0|0|0|0|0|0|0|0|0],0,0,0,0,0,0,0,0,0,0,0,0,0,0,0,0,
563,,1,0,[0|0|0],0,0,151,999,0,0,0,0,0,0,0,0,1,0,0,[0],0,0,60,49,38,[0],-25.222,65.856,50.57,903050600,0,1049380800,9126200,0,1049380800,9027500,0,1049380800,-1,0,0,-1,0,0,-1,0,0,-1,0,0,-1,0,0,1,0,0,0,0,0,0,0,-1,0,0,0,-1,-1,-1,0,1,0,[0|0|0|0|0|0|0|0|0],0,0,0,0,0,0,0,0,0,0,0,0,0,0,0,0,
564,,1,0,[0|0|0],0,0,151,999,0,0,0,0,0,0,0,0,1,0,0,[0],0,0,60,51,36,[0],80.878,91.765,28.873,903460300,0,1051360800,902500301,0,1051360800,9105200,0,1051360800,9200001,0,1051360800,6402800,0,1051360800,-1,0,0,-1,0,0,-1,0,0,1,1,0,0,0,0,0,0,-1,0,0,0,-1,-1,-1,0,1,0,[0|0|0|0|0|0|0|0|0],0,0,0,0,0,0,0,0,0,0,0,0,0,0,0,0,
565,,1,0,[0|0|0],0,0,151,999,0,0,0,0,0,0,0,0,1,0,0,[0],0,0,60,49,37,[0],112.216,102.135,15.505,904980600,0,1049370850,9034100,0,1049370850,9200000,0,1049370850,-1,0,0,-1,0,0,-1,0,0,-1,0,0,-1,0,0,1,0,0,0,0,0,0,0,-1,0,0,0,-1,-1,-1,0,1,0,[0|0|0|0|0|0|0|0|0],0,0,0,0,0,0,0,0,0,0,0,0,0,0,0,0,
566,,1,0,[0|0|0],0,0,151,999,0,0,0,0,0,0,0,0,1,0,0,[0],0,0,60,48,37,[0],-48.086,114.951,-42.666,904501600,0,1048370800,9035900,0,1048370800,-1,0,0,-1,0,0,-1,0,0,-1,0,0,-1,0,0,-1,0,0,1,0,0,0,0,0,0,0,-1,0,0,0,-1,-1,-1,0,1,0,[0|0|0|0|0|0|0|0|0],0,0,0,0,0,0,0,0,0,0,0,0,0,0,0,0,
567,,1,0,[0|0|0],0,0,151,999,0,0,0,0,0,0,0,0,1,0,0,[0],0,0,60,47,40,[0],-102.333,126.084,102.548,904811600,0,1047400800,9062400,0,65100,9045400,0,65280,-1,0,0,-1,0,0,-1,0,0,-1,0,0,-1,0,0,1,0,0,0,0,0,0,0,-1,0,0,0,-1,-1,-1,0,1,0,[0|0|0|0|0|0|0|0|0],0,0,0,0,0,0,0,0,0,0,0,0,0,0,0,0,
568,,1,0,[0|0|0],0,0,151,999,0,0,0,0,0,0,0,0,1,0,0,[0],0,0,30,14,0,[0],-126.508,73.33,-34.194,904260304,0,30140800,904260305,0,30140800,9076000,0,30140800,30140,0,30140800,-1,0,0,-1,0,0,-1,0,0,-1,0,0,1,1,0,0,0,0,0,0,-1,0,0,0,-1,-1,-1,0,1,0,[0|0|0|0|0|0|0|0|0],0,0,0,0,0,0,0,0,0,0,0,0,0,0,0,0,
569,,1,0,[0|0|0],0,0,151,999,0,0,0,0,0,0,0,0,1,0,0,[0],0,0,32,8,0,[0],-65.221,123.909,239.753,904680320,0,32080800,9115600,0,32080800,9204704,0,32080800,9202600,0,32080800,9132309,0,32080800,32080,0,32080800,-1,0,0,-1,0,0,1,0,0,0,0,0,0,0,-1,0,0,0,-1,-1,-1,0,1,0,[0|0|0|0|0|0|0|0|0],0,0,0,0,0,0,0,0,0,0,0,0,0,0,0,0,
570,,1,0,[0|0|0],0,0,151,999,0,0,0,0,0,0,0,0,1,0,0,[0],0,0,31,21,0,[0],-166.69,13.045,48.637,903400310,0,31210800,9097400,0,31210800,31210,0,31210800,-1,0,0,-1,0,0,-1,0,0,-1,0,0,-1,0,0,1,0,0,0,0,0,0,0,-1,0,0,0,-1,-1,-1,0,1,0,[0|0|0|0|0|0|0|0|0],0,0,0,0,0,0,0,0,0,0,0,0,0,0,0,0,
571,,1,0,[0|0|0],0,0,151,999,0,0,0,0,0,0,0,0,1,0,0,[0],0,0,60,48,40,[0],-114.94,140.89,-94.305,904340541,0,1048400800,904340542,0,1048400800,-1,0,0,-1,0,0,-1,0,0,-1,0,0,-1,0,0,-1,0,0,1,1,0,0,0,0,0,0,-1,0,0,0,-1,-1,-1,0,1,0,[0|0|0|0|0|0|0|0|0],0,0,0,0,0,0,0,0,0,0,0,0,0,0,0,0,
